<TICKER>;<PER>;<DATE>;<TIME>;LAST;<VOL>
GAZP;0;18.02.2021;9:59:51;229.000000000;10
GAZP;0;18.02.2021;9:59:51;229.000000000;120
GAZP;0;18.02.2021;9:59:51;229.000000000;40
GAZP;0;18.02.2021;9:59:51;229.000000000;40
GAZP;0;18.02.2021;9:59:51;229.000000000;120
GAZP;0;18.02.2021;9:59:51;229.000000000;200
GAZP;0;18.02.2021;9:59:51;229.000000000;180
GAZP;0;18.02.2021;9:59:51;229.000000000;50
GAZP;0;18.02.2021;9:59:51;229.000000000;450
GAZP;0;18.02.2021;9:59:51;229.000000000;10
GAZP;0;18.02.2021;9:59:51;229.000000000;10
GAZP;0;18.02.2021;9:59:51;229.000000000;10
GAZP;0;18.02.2021;9:59:51;229.000000000;10
GAZP;0;18.02.2021;9:59:51;229.000000000;10
GAZP;0;18.02.2021;9:59:51;229.000000000;10
GAZP;0;18.02.2021;9:59:51;229.000000000;90
GAZP;0;18.02.2021;9:59:51;229.000000000;150
GAZP;0;18.02.2021;9:59:51;229.000000000;500
GAZP;0;18.02.2021;9:59:51;229.000000000;2520
GAZP;0;18.02.2021;9:59:51;229.000000000;10
GAZP;0;18.02.2021;9:59:51;229.000000000;10
GAZP;0;18.02.2021;9:59:51;229.000000000;10
GAZP;0;18.02.2021;9:59:51;229.000000000;80
GAZP;0;18.02.2021;9:59:51;229.000000000;10
GAZP;0;18.02.2021;9:59:51;229.000000000;10
GAZP;0;18.02.2021;9:59:51;229.000000000;20
GAZP;0;18.02.2021;9:59:51;229.000000000;10
GAZP;0;18.02.2021;9:59:51;229.000000000;1080
GAZP;0;18.02.2021;9:59:51;229.000000000;100
GAZP;0;18.02.2021;9:59:51;229.000000000;70
GAZP;0;18.02.2021;9:59:51;229.000000000;200
GAZP;0;18.02.2021;9:59:51;229.000000000;2730
GAZP;0;18.02.2021;9:59:51;229.000000000;10
GAZP;0;18.02.2021;9:59:51;229.000000000;10
GAZP;0;18.02.2021;9:59:51;229.000000000;290
GAZP;0;18.02.2021;9:59:51;229.000000000;10
GAZP;0;18.02.2021;9:59:51;229.000000000;10
GAZP;0;18.02.2021;9:59:51;229.000000000;1330
GAZP;0;18.02.2021;9:59:51;229.000000000;10
GAZP;0;18.02.2021;9:59:51;229.000000000;100
GAZP;0;18.02.2021;9:59:51;229.000000000;2000
GAZP;0;18.02.2021;9:59:51;229.000000000;1410
GAZP;0;18.02.2021;9:59:51;229.000000000;600
GAZP;0;18.02.2021;9:59:51;229.000000000;100
GAZP;0;18.02.2021;9:59:51;229.000000000;280
GAZP;0;18.02.2021;9:59:51;229.000000000;10
GAZP;0;18.02.2021;9:59:51;229.000000000;10
GAZP;0;18.02.2021;9:59:51;229.000000000;280
GAZP;0;18.02.2021;9:59:51;229.000000000;10
GAZP;0;18.02.2021;9:59:51;229.000000000;300
GAZP;0;18.02.2021;9:59:51;229.000000000;10
GAZP;0;18.02.2021;9:59:51;229.000000000;60
GAZP;0;18.02.2021;9:59:51;229.000000000;100
GAZP;0;18.02.2021;9:59:51;229.000000000;500
GAZP;0;18.02.2021;9:59:51;229.000000000;500
GAZP;0;18.02.2021;9:59:51;229.000000000;500
GAZP;0;18.02.2021;9:59:51;229.000000000;10
GAZP;0;18.02.2021;9:59:51;229.000000000;20
GAZP;0;18.02.2021;9:59:51;229.000000000;480
GAZP;0;18.02.2021;9:59:51;229.000000000;520
GAZP;0;18.02.2021;9:59:51;229.000000000;310
GAZP;0;18.02.2021;9:59:51;229.000000000;170
GAZP;0;18.02.2021;9:59:51;229.000000000;10
GAZP;0;18.02.2021;9:59:51;229.000000000;500
GAZP;0;18.02.2021;9:59:51;229.000000000;20
GAZP;0;18.02.2021;9:59:51;229.000000000;1000
GAZP;0;18.02.2021;9:59:51;229.000000000;10
GAZP;0;18.02.2021;9:59:51;229.000000000;210
GAZP;0;18.02.2021;9:59:51;229.000000000;80
GAZP;0;18.02.2021;9:59:51;229.000000000;500
GAZP;0;18.02.2021;9:59:51;229.000000000;10
GAZP;0;18.02.2021;9:59:51;229.000000000;70
GAZP;0;18.02.2021;9:59:51;229.000000000;340
GAZP;0;18.02.2021;9:59:51;229.000000000;20
GAZP;0;18.02.2021;9:59:51;229.000000000;640
GAZP;0;18.02.2021;9:59:51;229.000000000;1000
GAZP;0;18.02.2021;9:59:51;229.000000000;1360
GAZP;0;18.02.2021;9:59:51;229.000000000;10
GAZP;0;18.02.2021;9:59:51;229.000000000;500
GAZP;0;18.02.2021;9:59:51;229.000000000;380
GAZP;0;18.02.2021;9:59:51;229.000000000;250
GAZP;0;18.02.2021;9:59:51;229.000000000;100
GAZP;0;18.02.2021;9:59:51;229.000000000;10
GAZP;0;18.02.2021;9:59:51;229.000000000;10
GAZP;0;18.02.2021;9:59:51;229.000000000;200
GAZP;0;18.02.2021;9:59:51;229.000000000;10
GAZP;0;18.02.2021;9:59:51;229.000000000;10
GAZP;0;18.02.2021;9:59:51;229.000000000;10
GAZP;0;18.02.2021;9:59:51;229.000000000;10
GAZP;0;18.02.2021;9:59:51;229.000000000;10
GAZP;0;18.02.2021;10:00:01;228.980000000;10
GAZP;0;18.02.2021;10:00:01;228.800000000;50
GAZP;0;18.02.2021;10:00:01;228.970000000;10
GAZP;0;18.02.2021;10:00:01;228.950000000;200
GAZP;0;18.02.2021;10:00:01;228.950000000;100
GAZP;0;18.02.2021;10:00:01;228.950000000;500
GAZP;0;18.02.2021;10:00:01;228.950000000;500
GAZP;0;18.02.2021;10:00:01;228.950000000;250
GAZP;0;18.02.2021;10:00:01;228.950000000;100
GAZP;0;18.02.2021;10:00:01;228.950000000;400
GAZP;0;18.02.2021;10:00:01;228.950000000;60
GAZP;0;18.02.2021;10:00:01;228.960000000;940
GAZP;0;18.02.2021;10:00:01;228.940000000;400
GAZP;0;18.02.2021;10:00:01;228.830000000;10
GAZP;0;18.02.2021;10:00:01;228.940000000;400
GAZP;0;18.02.2021;10:00:01;228.940000000;600
GAZP;0;18.02.2021;10:00:01;228.960000000;10
GAZP;0;18.02.2021;10:00:02;228.960000000;10
GAZP;0;18.02.2021;10:00:02;228.830000000;100
GAZP;0;18.02.2021;10:00:02;228.820000000;120
GAZP;0;18.02.2021;10:00:02;228.820000000;10
GAZP;0;18.02.2021;10:00:02;228.800000000;870
GAZP;0;18.02.2021;10:00:02;228.810000000;100
GAZP;0;18.02.2021;10:00:02;228.800000000;140
GAZP;0;18.02.2021;10:00:02;228.790000000;710
GAZP;0;18.02.2021;10:00:03;228.750000000;1000
GAZP;0;18.02.2021;10:00:03;228.760000000;100
GAZP;0;18.02.2021;10:00:03;228.750000000;1250
GAZP;0;18.02.2021;10:00:03;228.860000000;330
GAZP;0;18.02.2021;10:00:03;228.870000000;620
GAZP;0;18.02.2021;10:00:05;228.770000000;600
GAZP;0;18.02.2021;10:00:05;228.670000000;180
GAZP;0;18.02.2021;10:00:05;228.670000000;320
GAZP;0;18.02.2021;10:00:05;228.770000000;10
GAZP;0;18.02.2021;10:00:06;228.650000000;10
GAZP;0;18.02.2021;10:00:06;228.650000000;500
GAZP;0;18.02.2021;10:00:06;228.770000000;400
GAZP;0;18.02.2021;10:00:07;228.770000000;300
GAZP;0;18.02.2021;10:00:08;228.770000000;100
GAZP;0;18.02.2021;10:00:08;228.770000000;590
GAZP;0;18.02.2021;10:00:08;228.800000000;350
GAZP;0;18.02.2021;10:00:08;228.870000000;1560
GAZP;0;18.02.2021;10:00:08;228.660000000;50
GAZP;0;18.02.2021;10:00:09;228.660000000;400
GAZP;0;18.02.2021;10:00:09;228.660000000;3150
GAZP;0;18.02.2021;10:00:09;228.650000000;110
GAZP;0;18.02.2021;10:00:09;228.620000000;1560
GAZP;0;18.02.2021;10:00:10;228.790000000;100
GAZP;0;18.02.2021;10:00:10;228.630000000;100
GAZP;0;18.02.2021;10:00:10;228.620000000;800
GAZP;0;18.02.2021;10:00:10;228.780000000;10
GAZP;0;18.02.2021;10:00:10;228.780000000;500
GAZP;0;18.02.2021;10:00:10;228.780000000;100
GAZP;0;18.02.2021;10:00:10;228.780000000;190
GAZP;0;18.02.2021;10:00:10;228.790000000;110
GAZP;0;18.02.2021;10:00:10;228.790000000;300
GAZP;0;18.02.2021;10:00:10;228.790000000;400
GAZP;0;18.02.2021;10:00:13;228.770000000;10
GAZP;0;18.02.2021;10:00:13;228.770000000;20
GAZP;0;18.02.2021;10:00:13;228.600000000;10
GAZP;0;18.02.2021;10:00:13;228.590000000;840
GAZP;0;18.02.2021;10:00:13;228.580000000;160
GAZP;0;18.02.2021;10:00:13;228.560000000;60
GAZP;0;18.02.2021;10:00:14;228.730000000;300
GAZP;0;18.02.2021;10:00:14;228.600000000;700
GAZP;0;18.02.2021;10:00:14;228.710000000;10
GAZP;0;18.02.2021;10:00:14;228.710000000;10
GAZP;0;18.02.2021;10:00:14;228.710000000;90
GAZP;0;18.02.2021;10:00:15;228.560000000;80
GAZP;0;18.02.2021;10:00:15;228.710000000;20
GAZP;0;18.02.2021;10:00:15;228.710000000;20
GAZP;0;18.02.2021;10:00:15;228.560000000;20
GAZP;0;18.02.2021;10:00:15;228.550000000;10
GAZP;0;18.02.2021;10:00:15;228.550000000;70
GAZP;0;18.02.2021;10:00:15;228.670000000;200
GAZP;0;18.02.2021;10:00:15;228.670000000;30
GAZP;0;18.02.2021;10:00:15;228.670000000;10
GAZP;0;18.02.2021;10:00:16;228.670000000;260
GAZP;0;18.02.2021;10:00:16;228.680000000;10
GAZP;0;18.02.2021;10:00:16;228.680000000;70
GAZP;0;18.02.2021;10:00:16;228.680000000;20
GAZP;0;18.02.2021;10:00:16;228.680000000;140
GAZP;0;18.02.2021;10:00:16;228.600000000;860
GAZP;0;18.02.2021;10:00:16;228.780000000;490
GAZP;0;18.02.2021;10:00:16;228.790000000;1260
GAZP;0;18.02.2021;10:00:16;228.770000000;1520
GAZP;0;18.02.2021;10:00:16;228.790000000;3120
GAZP;0;18.02.2021;10:00:16;228.800000000;1520
GAZP;0;18.02.2021;10:00:16;228.830000000;310
GAZP;0;18.02.2021;10:00:16;228.830000000;3000
GAZP;0;18.02.2021;10:00:16;228.850000000;2040
GAZP;0;18.02.2021;10:00:16;228.870000000;1990
GAZP;0;18.02.2021;10:00:16;228.870000000;80
GAZP;0;18.02.2021;10:00:16;228.870000000;36420
GAZP;0;18.02.2021;10:00:16;228.940000000;20
GAZP;0;18.02.2021;10:00:16;228.780000000;200
GAZP;0;18.02.2021;10:00:16;228.780000000;300
GAZP;0;18.02.2021;10:00:16;228.760000000;340
GAZP;0;18.02.2021;10:00:16;228.890000000;10
GAZP;0;18.02.2021;10:00:16;228.890000000;10
GAZP;0;18.02.2021;10:00:16;228.890000000;30
GAZP;0;18.02.2021;10:00:16;228.890000000;30
GAZP;0;18.02.2021;10:00:17;228.890000000;40
GAZP;0;18.02.2021;10:00:17;228.890000000;280
GAZP;0;18.02.2021;10:00:17;228.890000000;10
GAZP;0;18.02.2021;10:00:17;228.680000000;80
GAZP;0;18.02.2021;10:00:17;228.780000000;10
GAZP;0;18.02.2021;10:00:17;228.680000000;40
GAZP;0;18.02.2021;10:00:17;228.680000000;200
GAZP;0;18.02.2021;10:00:18;228.680000000;1000
GAZP;0;18.02.2021;10:00:18;228.680000000;80
GAZP;0;18.02.2021;10:00:18;228.680000000;540
GAZP;0;18.02.2021;10:00:18;228.660000000;200
GAZP;0;18.02.2021;10:00:18;228.780000000;90
GAZP;0;18.02.2021;10:00:18;228.780000000;10
GAZP;0;18.02.2021;10:00:18;228.780000000;10
GAZP;0;18.02.2021;10:00:18;228.780000000;20
GAZP;0;18.02.2021;10:00:18;228.660000000;10
GAZP;0;18.02.2021;10:00:18;228.780000000;10
GAZP;0;18.02.2021;10:00:18;228.830000000;90
GAZP;0;18.02.2021;10:00:18;228.890000000;10
GAZP;0;18.02.2021;10:00:18;228.680000000;10
GAZP;0;18.02.2021;10:00:18;228.880000000;10
GAZP;0;18.02.2021;10:00:18;228.900000000;210
GAZP;0;18.02.2021;10:00:18;228.910000000;1780
GAZP;0;18.02.2021;10:00:18;228.900000000;10
GAZP;0;18.02.2021;10:00:18;228.710000000;50
GAZP;0;18.02.2021;10:00:18;228.900000000;10
GAZP;0;18.02.2021;10:00:18;228.890000000;10
GAZP;0;18.02.2021;10:00:18;228.710000000;60
GAZP;0;18.02.2021;10:00:18;228.890000000;20
GAZP;0;18.02.2021;10:00:18;228.890000000;20
GAZP;0;18.02.2021;10:00:18;228.900000000;130
GAZP;0;18.02.2021;10:00:19;228.870000000;30
GAZP;0;18.02.2021;10:00:19;228.700000000;10
GAZP;0;18.02.2021;10:00:19;228.690000000;990
GAZP;0;18.02.2021;10:00:19;228.870000000;20
GAZP;0;18.02.2021;10:00:19;228.870000000;50
GAZP;0;18.02.2021;10:00:19;228.870000000;60
GAZP;0;18.02.2021;10:00:19;228.690000000;20
GAZP;0;18.02.2021;10:00:19;228.690000000;80
GAZP;0;18.02.2021;10:00:19;228.870000000;10
GAZP;0;18.02.2021;10:00:20;228.690000000;300
GAZP;0;18.02.2021;10:00:20;228.690000000;10
GAZP;0;18.02.2021;10:00:20;228.870000000;170
GAZP;0;18.02.2021;10:00:20;228.890000000;230
GAZP;0;18.02.2021;10:00:20;228.690000000;1000
GAZP;0;18.02.2021;10:00:21;228.690000000;10
GAZP;0;18.02.2021;10:00:21;228.690000000;10
GAZP;0;18.02.2021;10:00:21;228.870000000;30
GAZP;0;18.02.2021;10:00:21;228.870000000;20
GAZP;0;18.02.2021;10:00:21;228.870000000;60
GAZP;0;18.02.2021;10:00:21;228.690000000;100
GAZP;0;18.02.2021;10:00:21;228.870000000;640
GAZP;0;18.02.2021;10:00:22;228.710000000;80
GAZP;0;18.02.2021;10:00:22;228.730000000;10
GAZP;0;18.02.2021;10:00:22;228.900000000;60
GAZP;0;18.02.2021;10:00:22;228.900000000;10
GAZP;0;18.02.2021;10:00:22;228.750000000;70
GAZP;0;18.02.2021;10:00:22;228.910000000;1040
GAZP;0;18.02.2021;10:00:22;228.920000000;100
GAZP;0;18.02.2021;10:00:22;228.940000000;570
GAZP;0;18.02.2021;10:00:23;228.750000000;1000
GAZP;0;18.02.2021;10:00:23;228.750000000;320
GAZP;0;18.02.2021;10:00:23;228.750000000;490
GAZP;0;18.02.2021;10:00:24;228.940000000;100
GAZP;0;18.02.2021;10:00:25;228.780000000;10
GAZP;0;18.02.2021;10:00:26;228.940000000;100
GAZP;0;18.02.2021;10:00:26;228.780000000;800
GAZP;0;18.02.2021;10:00:26;228.760000000;1200
GAZP;0;18.02.2021;10:00:27;228.870000000;10
GAZP;0;18.02.2021;10:00:27;228.910000000;50
GAZP;0;18.02.2021;10:00:27;228.780000000;50
GAZP;0;18.02.2021;10:00:27;228.760000000;10
GAZP;0;18.02.2021;10:00:27;228.770000000;10
GAZP;0;18.02.2021;10:00:28;228.910000000;540
GAZP;0;18.02.2021;10:00:28;228.910000000;10
GAZP;0;18.02.2021;10:00:29;228.780000000;550
GAZP;0;18.02.2021;10:00:29;228.760000000;2060
GAZP;0;18.02.2021;10:00:29;228.740000000;390
GAZP;0;18.02.2021;10:00:29;228.870000000;2000
GAZP;0;18.02.2021;10:00:30;228.760000000;230
GAZP;0;18.02.2021;10:00:30;228.740000000;70
GAZP;0;18.02.2021;10:00:30;228.910000000;10
GAZP;0;18.02.2021;10:00:30;228.910000000;990
GAZP;0;18.02.2021;10:00:32;228.830000000;300
GAZP;0;18.02.2021;10:00:36;228.890000000;120
GAZP;0;18.02.2021;10:00:36;228.890000000;500
GAZP;0;18.02.2021;10:00:36;228.780000000;10
GAZP;0;18.02.2021;10:00:36;228.780000000;10
GAZP;0;18.02.2021;10:00:36;228.760000000;980
GAZP;0;18.02.2021;10:00:37;228.770000000;400
GAZP;0;18.02.2021;10:00:38;228.770000000;50
GAZP;0;18.02.2021;10:00:38;228.770000000;180
GAZP;0;18.02.2021;10:00:39;228.870000000;170
GAZP;0;18.02.2021;10:00:40;228.760000000;1770
GAZP;0;18.02.2021;10:00:40;228.750000000;8230
GAZP;0;18.02.2021;10:00:41;228.870000000;20
GAZP;0;18.02.2021;10:00:41;228.880000000;4380
GAZP;0;18.02.2021;10:00:41;228.890000000;700
GAZP;0;18.02.2021;10:00:41;228.890000000;100
GAZP;0;18.02.2021;10:00:41;228.890000000;1500
GAZP;0;18.02.2021;10:00:41;228.900000000;300
GAZP;0;18.02.2021;10:00:41;228.780000000;30
GAZP;0;18.02.2021;10:00:42;228.760000000;100
GAZP;0;18.02.2021;10:00:44;228.760000000;4280
GAZP;0;18.02.2021;10:00:44;228.750000000;11770
GAZP;0;18.02.2021;10:00:44;228.740000000;10
GAZP;0;18.02.2021;10:00:44;228.730000000;10
GAZP;0;18.02.2021;10:00:44;228.720000000;2200
GAZP;0;18.02.2021;10:00:44;228.690000000;200
GAZP;0;18.02.2021;10:00:44;228.610000000;400
GAZP;0;18.02.2021;10:00:44;228.610000000;200
GAZP;0;18.02.2021;10:00:44;228.610000000;3770
GAZP;0;18.02.2021;10:00:44;228.610000000;200
GAZP;0;18.02.2021;10:00:44;228.610000000;100
GAZP;0;18.02.2021;10:00:44;228.610000000;100
GAZP;0;18.02.2021;10:00:44;228.600000000;1640
GAZP;0;18.02.2021;10:00:44;228.600000000;1000
GAZP;0;18.02.2021;10:00:44;228.600000000;300
GAZP;0;18.02.2021;10:00:44;228.690000000;10
GAZP;0;18.02.2021;10:00:44;228.690000000;200
GAZP;0;18.02.2021;10:00:45;228.590000000;10
GAZP;0;18.02.2021;10:00:45;228.580000000;10
GAZP;0;18.02.2021;10:00:45;228.550000000;1630
GAZP;0;18.02.2021;10:00:45;228.530000000;210
GAZP;0;18.02.2021;10:00:45;228.520000000;160
GAZP;0;18.02.2021;10:00:45;228.520000000;650
GAZP;0;18.02.2021;10:00:45;228.510000000;250
GAZP;0;18.02.2021;10:00:45;228.510000000;20
GAZP;0;18.02.2021;10:00:45;228.510000000;3970
GAZP;0;18.02.2021;10:00:45;228.500000000;1000
GAZP;0;18.02.2021;10:00:45;228.500000000;3000
GAZP;0;18.02.2021;10:00:45;228.500000000;5000
GAZP;0;18.02.2021;10:00:45;228.500000000;10
GAZP;0;18.02.2021;10:00:45;228.500000000;3000
GAZP;0;18.02.2021;10:00:45;228.460000000;3000
GAZP;0;18.02.2021;10:00:45;228.450000000;100
GAZP;0;18.02.2021;10:00:45;228.450000000;10
GAZP;0;18.02.2021;10:00:45;228.450000000;6560
GAZP;0;18.02.2021;10:00:45;228.420000000;50
GAZP;0;18.02.2021;10:00:45;228.410000000;6000
GAZP;0;18.02.2021;10:00:45;228.400000000;10
GAZP;0;18.02.2021;10:00:45;228.400000000;6560
GAZP;0;18.02.2021;10:00:45;228.350000000;10
GAZP;0;18.02.2021;10:00:45;228.350000000;3780
GAZP;0;18.02.2021;10:00:45;228.480000000;100
GAZP;0;18.02.2021;10:00:45;228.470000000;1000
GAZP;0;18.02.2021;10:00:45;228.470000000;540
GAZP;0;18.02.2021;10:00:45;228.460000000;500
GAZP;0;18.02.2021;10:00:45;228.460000000;500
GAZP;0;18.02.2021;10:00:45;228.500000000;80
GAZP;0;18.02.2021;10:00:45;228.460000000;20
GAZP;0;18.02.2021;10:00:45;228.460000000;80
GAZP;0;18.02.2021;10:00:45;228.450000000;60
GAZP;0;18.02.2021;10:00:45;228.620000000;10
GAZP;0;18.02.2021;10:00:45;228.500000000;140
GAZP;0;18.02.2021;10:00:45;228.460000000;100
GAZP;0;18.02.2021;10:00:46;228.500000000;70
GAZP;0;18.02.2021;10:00:46;228.600000000;160
GAZP;0;18.02.2021;10:00:46;228.600000000;770
GAZP;0;18.02.2021;10:00:46;228.610000000;100
GAZP;0;18.02.2021;10:00:46;228.470000000;1000
GAZP;0;18.02.2021;10:00:46;228.470000000;370
GAZP;0;18.02.2021;10:00:47;228.470000000;50
GAZP;0;18.02.2021;10:00:47;228.610000000;10
GAZP;0;18.02.2021;10:00:48;228.470000000;80
GAZP;0;18.02.2021;10:00:48;228.450000000;880
GAZP;0;18.02.2021;10:00:48;228.440000000;920
GAZP;0;18.02.2021;10:00:48;228.440000000;500
GAZP;0;18.02.2021;10:00:48;228.440000000;2250
GAZP;0;18.02.2021;10:00:48;228.430000000;500
GAZP;0;18.02.2021;10:00:48;228.430000000;500
GAZP;0;18.02.2021;10:00:48;228.420000000;1550
GAZP;0;18.02.2021;10:00:48;228.420000000;200
GAZP;0;18.02.2021;10:00:48;228.400000000;1770
GAZP;0;18.02.2021;10:00:48;228.530000000;1500
GAZP;0;18.02.2021;10:00:48;228.550000000;70
GAZP;0;18.02.2021;10:00:48;228.430000000;200
GAZP;0;18.02.2021;10:00:49;228.490000000;10
GAZP;0;18.02.2021;10:00:49;228.490000000;2000
GAZP;0;18.02.2021;10:00:49;228.490000000;100
GAZP;0;18.02.2021;10:00:49;228.350000000;10
GAZP;0;18.02.2021;10:00:50;228.350000000;600
GAZP;0;18.02.2021;10:00:50;228.490000000;500
GAZP;0;18.02.2021;10:00:50;228.490000000;10
GAZP;0;18.02.2021;10:00:50;228.350000000;10
GAZP;0;18.02.2021;10:00:50;228.350000000;280
GAZP;0;18.02.2021;10:00:50;228.350000000;10
GAZP;0;18.02.2021;10:00:52;228.510000000;10
GAZP;0;18.02.2021;10:00:52;228.510000000;150
GAZP;0;18.02.2021;10:00:53;228.510000000;30
GAZP;0;18.02.2021;10:00:53;228.510000000;100
GAZP;0;18.02.2021;10:00:53;228.520000000;70
GAZP;0;18.02.2021;10:00:53;228.380000000;70
GAZP;0;18.02.2021;10:00:53;228.380000000;200
GAZP;0;18.02.2021;10:00:53;228.370000000;100
GAZP;0;18.02.2021;10:00:53;228.360000000;30
GAZP;0;18.02.2021;10:00:53;228.370000000;1000
GAZP;0;18.02.2021;10:00:53;228.520000000;10
GAZP;0;18.02.2021;10:00:54;228.520000000;20
GAZP;0;18.02.2021;10:00:54;228.520000000;360
GAZP;0;18.02.2021;10:00:54;228.380000000;80
GAZP;0;18.02.2021;10:00:55;228.520000000;10
GAZP;0;18.02.2021;10:00:57;228.540000000;1500
GAZP;0;18.02.2021;10:00:57;228.550000000;10
GAZP;0;18.02.2021;10:00:57;228.550000000;290
GAZP;0;18.02.2021;10:00:58;228.550000000;210
GAZP;0;18.02.2021;10:00:58;228.600000000;290
GAZP;0;18.02.2021;10:00:59;228.500000000;30
GAZP;0;18.02.2021;10:00:59;228.500000000;500
GAZP;0;18.02.2021;10:00:59;228.580000000;40
GAZP;0;18.02.2021;10:00:59;228.420000000;100
GAZP;0;18.02.2021;10:00:59;228.410000000;1500
GAZP;0;18.02.2021;10:00:59;228.380000000;20
GAZP;0;18.02.2021;10:00:59;228.380000000;400
GAZP;0;18.02.2021;10:00:59;228.380000000;180
GAZP;0;18.02.2021;10:01:00;228.390000000;30
GAZP;0;18.02.2021;10:01:00;228.390000000;70
GAZP;0;18.02.2021;10:01:00;228.380000000;20
GAZP;0;18.02.2021;10:01:00;228.380000000;50
GAZP;0;18.02.2021;10:01:00;228.370000000;60
GAZP;0;18.02.2021;10:01:00;228.380000000;100
GAZP;0;18.02.2021;10:01:00;228.360000000;2200
GAZP;0;18.02.2021;10:01:00;228.360000000;2180
GAZP;0;18.02.2021;10:01:01;228.500000000;80
GAZP;0;18.02.2021;10:01:02;228.500000000;10
GAZP;0;18.02.2021;10:01:02;228.490000000;500
GAZP;0;18.02.2021;10:01:02;228.490000000;100
GAZP;0;18.02.2021;10:01:03;228.490000000;10
GAZP;0;18.02.2021;10:01:03;228.490000000;10
GAZP;0;18.02.2021;10:01:03;228.490000000;10
GAZP;0;18.02.2021;10:01:03;228.350000000;10
GAZP;0;18.02.2021;10:01:03;228.490000000;10
GAZP;0;18.02.2021;10:01:04;228.490000000;2000
GAZP;0;18.02.2021;10:01:05;228.490000000;70
GAZP;0;18.02.2021;10:01:05;228.490000000;160
GAZP;0;18.02.2021;10:01:05;228.380000000;100
GAZP;0;18.02.2021;10:01:05;228.380000000;430
GAZP;0;18.02.2021;10:01:05;228.370000000;470
GAZP;0;18.02.2021;10:01:05;228.490000000;100
GAZP;0;18.02.2021;10:01:05;228.490000000;1410
GAZP;0;18.02.2021;10:01:05;228.500000000;500
GAZP;0;18.02.2021;10:01:05;228.500000000;10
GAZP;0;18.02.2021;10:01:05;228.500000000;2880
GAZP;0;18.02.2021;10:01:06;228.500000000;100
GAZP;0;18.02.2021;10:01:06;228.500000000;10
GAZP;0;18.02.2021;10:01:06;228.500000000;100
GAZP;0;18.02.2021;10:01:07;228.350000000;670
GAZP;0;18.02.2021;10:01:07;228.360000000;100
GAZP;0;18.02.2021;10:01:07;228.350000000;160
GAZP;0;18.02.2021;10:01:07;228.350000000;230
GAZP;0;18.02.2021;10:01:07;228.350000000;210
GAZP;0;18.02.2021;10:01:07;228.350000000;250
GAZP;0;18.02.2021;10:01:07;228.400000000;30
GAZP;0;18.02.2021;10:01:08;228.400000000;10
GAZP;0;18.02.2021;10:01:08;228.400000000;20
GAZP;0;18.02.2021;10:01:08;228.500000000;500
GAZP;0;18.02.2021;10:01:08;228.400000000;3970
GAZP;0;18.02.2021;10:01:09;228.490000000;40
GAZP;0;18.02.2021;10:01:09;228.370000000;100
GAZP;0;18.02.2021;10:01:09;228.360000000;50
GAZP;0;18.02.2021;10:01:11;228.370000000;100
GAZP;0;18.02.2021;10:01:11;228.360000000;250
GAZP;0;18.02.2021;10:01:11;228.360000000;10
GAZP;0;18.02.2021;10:01:11;228.480000000;50
GAZP;0;18.02.2021;10:01:12;228.400000000;20
GAZP;0;18.02.2021;10:01:12;228.360000000;190
GAZP;0;18.02.2021;10:01:12;228.370000000;100
GAZP;0;18.02.2021;10:01:12;228.360000000;110
GAZP;0;18.02.2021;10:01:13;228.370000000;1000
GAZP;0;18.02.2021;10:01:13;228.490000000;10
GAZP;0;18.02.2021;10:01:13;228.490000000;20
GAZP;0;18.02.2021;10:01:13;228.370000000;10
GAZP;0;18.02.2021;10:01:15;228.370000000;20
GAZP;0;18.02.2021;10:01:15;228.370000000;80
GAZP;0;18.02.2021;10:01:15;228.360000000;820
GAZP;0;18.02.2021;10:01:15;228.400000000;1200
GAZP;0;18.02.2021;10:01:16;228.490000000;100
GAZP;0;18.02.2021;10:01:16;228.380000000;10
GAZP;0;18.02.2021;10:01:17;228.490000000;10
GAZP;0;18.02.2021;10:01:17;228.370000000;90
GAZP;0;18.02.2021;10:01:17;228.360000000;310
GAZP;0;18.02.2021;10:01:17;228.360000000;2670
GAZP;0;18.02.2021;10:01:17;228.350000000;340
GAZP;0;18.02.2021;10:01:17;228.350000000;10
GAZP;0;18.02.2021;10:01:17;228.350000000;6980
GAZP;0;18.02.2021;10:01:17;228.470000000;50
GAZP;0;18.02.2021;10:01:18;228.460000000;300
GAZP;0;18.02.2021;10:01:18;228.460000000;200
GAZP;0;18.02.2021;10:01:18;228.360000000;50
GAZP;0;18.02.2021;10:01:18;228.350000000;8950
GAZP;0;18.02.2021;10:01:18;228.350000000;14070
GAZP;0;18.02.2021;10:01:18;228.350000000;3000
GAZP;0;18.02.2021;10:01:18;228.350000000;10950
GAZP;0;18.02.2021;10:01:19;228.360000000;10
GAZP;0;18.02.2021;10:01:19;228.350000000;30
GAZP;0;18.02.2021;10:01:19;228.450000000;100
GAZP;0;18.02.2021;10:01:19;228.370000000;650
GAZP;0;18.02.2021;10:01:19;228.450000000;850
GAZP;0;18.02.2021;10:01:20;228.370000000;350
GAZP;0;18.02.2021;10:01:20;228.350000000;150
GAZP;0;18.02.2021;10:01:20;228.470000000;50
GAZP;0;18.02.2021;10:01:21;228.470000000;1000
GAZP;0;18.02.2021;10:01:21;228.470000000;10
GAZP;0;18.02.2021;10:01:21;228.470000000;190
GAZP;0;18.02.2021;10:01:21;228.480000000;100
GAZP;0;18.02.2021;10:01:21;228.480000000;110
GAZP;0;18.02.2021;10:01:21;228.480000000;150
GAZP;0;18.02.2021;10:01:21;228.360000000;200
GAZP;0;18.02.2021;10:01:21;228.360000000;20
GAZP;0;18.02.2021;10:01:22;228.360000000;40
GAZP;0;18.02.2021;10:01:22;228.350000000;20
GAZP;0;18.02.2021;10:01:22;228.460000000;10
GAZP;0;18.02.2021;10:01:23;228.400000000;10
GAZP;0;18.02.2021;10:01:23;228.370000000;1990
GAZP;0;18.02.2021;10:01:24;228.370000000;290
GAZP;0;18.02.2021;10:01:24;228.360000000;210
GAZP;0;18.02.2021;10:01:25;228.450000000;100
GAZP;0;18.02.2021;10:01:25;228.460000000;90
GAZP;0;18.02.2021;10:01:25;228.480000000;810
GAZP;0;18.02.2021;10:01:25;228.380000000;100
GAZP;0;18.02.2021;10:01:25;228.380000000;300
GAZP;0;18.02.2021;10:01:25;228.380000000;410
GAZP;0;18.02.2021;10:01:25;228.370000000;90
GAZP;0;18.02.2021;10:01:27;228.380000000;50
GAZP;0;18.02.2021;10:01:27;228.370000000;100
GAZP;0;18.02.2021;10:01:27;228.370000000;130
GAZP;0;18.02.2021;10:01:28;228.470000000;10
GAZP;0;18.02.2021;10:01:28;228.470000000;30
GAZP;0;18.02.2021;10:01:29;228.380000000;100
GAZP;0;18.02.2021;10:01:31;228.370000000;300
GAZP;0;18.02.2021;10:01:31;228.460000000;30
GAZP;0;18.02.2021;10:01:32;228.370000000;380
GAZP;0;18.02.2021;10:01:32;228.360000000;790
GAZP;0;18.02.2021;10:01:32;228.360000000;500
GAZP;0;18.02.2021;10:01:32;228.350000000;830
GAZP;0;18.02.2021;10:01:32;228.450000000;40
GAZP;0;18.02.2021;10:01:34;228.350000000;480
GAZP;0;18.02.2021;10:01:35;228.450000000;1220
GAZP;0;18.02.2021;10:01:35;228.460000000;1080
GAZP;0;18.02.2021;10:01:35;228.460000000;10
GAZP;0;18.02.2021;10:01:36;228.400000000;500
GAZP;0;18.02.2021;10:01:36;228.400000000;10
GAZP;0;18.02.2021;10:01:37;228.450000000;110
GAZP;0;18.02.2021;10:01:37;228.470000000;60
GAZP;0;18.02.2021;10:01:37;228.470000000;120
GAZP;0;18.02.2021;10:01:37;228.470000000;110
GAZP;0;18.02.2021;10:01:37;228.470000000;20
GAZP;0;18.02.2021;10:01:37;228.470000000;10
GAZP;0;18.02.2021;10:01:37;228.470000000;10
GAZP;0;18.02.2021;10:01:37;228.470000000;10
GAZP;0;18.02.2021;10:01:37;228.470000000;10
GAZP;0;18.02.2021;10:01:37;228.470000000;10
GAZP;0;18.02.2021;10:01:37;228.470000000;10
GAZP;0;18.02.2021;10:01:37;228.470000000;10
GAZP;0;18.02.2021;10:01:37;228.470000000;10
GAZP;0;18.02.2021;10:01:37;228.470000000;10
GAZP;0;18.02.2021;10:01:37;228.480000000;390
GAZP;0;18.02.2021;10:01:38;228.400000000;490
GAZP;0;18.02.2021;10:01:39;228.390000000;10
GAZP;0;18.02.2021;10:01:39;228.390000000;1000
GAZP;0;18.02.2021;10:01:40;228.450000000;10
GAZP;0;18.02.2021;10:01:41;228.400000000;10
GAZP;0;18.02.2021;10:01:41;228.350000000;490
GAZP;0;18.02.2021;10:01:42;228.400000000;40
GAZP;0;18.02.2021;10:01:42;228.400000000;260
GAZP;0;18.02.2021;10:01:42;228.390000000;50
GAZP;0;18.02.2021;10:01:42;228.360000000;50
GAZP;0;18.02.2021;10:01:42;228.350000000;2370
GAZP;0;18.02.2021;10:01:42;228.350000000;200
GAZP;0;18.02.2021;10:01:42;228.350000000;20
GAZP;0;18.02.2021;10:01:42;228.340000000;200
GAZP;0;18.02.2021;10:01:42;228.340000000;50
GAZP;0;18.02.2021;10:01:42;228.330000000;10
GAZP;0;18.02.2021;10:01:42;228.330000000;1000
GAZP;0;18.02.2021;10:01:42;228.300000000;10
GAZP;0;18.02.2021;10:01:42;228.300000000;10
GAZP;0;18.02.2021;10:01:42;228.300000000;3000
GAZP;0;18.02.2021;10:01:42;228.300000000;2000
GAZP;0;18.02.2021;10:01:42;228.300000000;100
GAZP;0;18.02.2021;10:01:42;228.300000000;10
GAZP;0;18.02.2021;10:01:42;228.300000000;650
GAZP;0;18.02.2021;10:01:42;228.300000000;10
GAZP;0;18.02.2021;10:01:42;228.440000000;50
GAZP;0;18.02.2021;10:01:44;228.430000000;100
GAZP;0;18.02.2021;10:01:44;228.360000000;150
GAZP;0;18.02.2021;10:01:44;228.430000000;770
GAZP;0;18.02.2021;10:01:47;228.450000000;290
GAZP;0;18.02.2021;10:01:47;228.460000000;210
GAZP;0;18.02.2021;10:01:47;228.460000000;100
GAZP;0;18.02.2021;10:01:48;228.470000000;220
GAZP;0;18.02.2021;10:01:48;228.470000000;220
GAZP;0;18.02.2021;10:01:48;228.490000000;1000
GAZP;0;18.02.2021;10:01:48;228.480000000;60
GAZP;0;18.02.2021;10:01:48;228.490000000;500
GAZP;0;18.02.2021;10:01:48;228.500000000;4410
GAZP;0;18.02.2021;10:01:48;228.500000000;10
GAZP;0;18.02.2021;10:01:48;228.500000000;2000
GAZP;0;18.02.2021;10:01:48;228.500000000;200
GAZP;0;18.02.2021;10:01:48;228.500000000;440
GAZP;0;18.02.2021;10:01:48;228.500000000;500
GAZP;0;18.02.2021;10:01:48;228.500000000;100
GAZP;0;18.02.2021;10:01:48;228.500000000;10
GAZP;0;18.02.2021;10:01:48;228.500000000;1000
GAZP;0;18.02.2021;10:01:48;228.500000000;10000
GAZP;0;18.02.2021;10:01:48;228.510000000;500
GAZP;0;18.02.2021;10:01:48;228.500000000;550
GAZP;0;18.02.2021;10:01:48;228.500000000;50
GAZP;0;18.02.2021;10:01:49;228.510000000;10
GAZP;0;18.02.2021;10:01:49;228.500000000;400
GAZP;0;18.02.2021;10:01:50;228.510000000;90
GAZP;0;18.02.2021;10:01:50;228.410000000;10
GAZP;0;18.02.2021;10:01:50;228.410000000;50
GAZP;0;18.02.2021;10:01:51;228.510000000;10
GAZP;0;18.02.2021;10:01:52;228.510000000;500
GAZP;0;18.02.2021;10:01:52;228.510000000;890
GAZP;0;18.02.2021;10:01:52;228.520000000;110
GAZP;0;18.02.2021;10:01:52;228.540000000;290
GAZP;0;18.02.2021;10:01:52;228.500000000;20
GAZP;0;18.02.2021;10:01:53;228.440000000;40
GAZP;0;18.02.2021;10:01:53;228.500000000;20
GAZP;0;18.02.2021;10:01:53;228.540000000;80
GAZP;0;18.02.2021;10:01:54;228.520000000;500
GAZP;0;18.02.2021;10:01:54;228.520000000;100
GAZP;0;18.02.2021;10:01:54;228.520000000;100
GAZP;0;18.02.2021;10:01:55;228.520000000;280
GAZP;0;18.02.2021;10:01:55;228.500000000;220
GAZP;0;18.02.2021;10:01:55;228.440000000;50
GAZP;0;18.02.2021;10:01:56;228.450000000;50
GAZP;0;18.02.2021;10:01:56;228.440000000;110
GAZP;0;18.02.2021;10:01:56;228.420000000;70
GAZP;0;18.02.2021;10:01:57;228.530000000;1000
GAZP;0;18.02.2021;10:01:57;228.530000000;3380
GAZP;0;18.02.2021;10:01:57;228.530000000;600
GAZP;0;18.02.2021;10:01:58;228.530000000;220
GAZP;0;18.02.2021;10:01:58;228.530000000;140
GAZP;0;18.02.2021;10:01:58;228.540000000;50
GAZP;0;18.02.2021;10:01:58;228.530000000;20
GAZP;0;18.02.2021;10:01:59;228.530000000;20
GAZP;0;18.02.2021;10:01:59;228.430000000;80
GAZP;0;18.02.2021;10:01:59;228.540000000;1000
GAZP;0;18.02.2021;10:01:59;228.540000000;250
GAZP;0;18.02.2021;10:02:01;228.430000000;10
GAZP;0;18.02.2021;10:02:01;228.530000000;90
GAZP;0;18.02.2021;10:02:01;228.540000000;680
GAZP;0;18.02.2021;10:02:01;228.540000000;230
GAZP;0;18.02.2021;10:02:01;228.540000000;500
GAZP;0;18.02.2021;10:02:01;228.540000000;860
GAZP;0;18.02.2021;10:02:01;228.540000000;50
GAZP;0;18.02.2021;10:02:02;228.450000000;20
GAZP;0;18.02.2021;10:02:02;228.550000000;110
GAZP;0;18.02.2021;10:02:02;228.570000000;500
GAZP;0;18.02.2021;10:02:02;228.580000000;100
GAZP;0;18.02.2021;10:02:02;228.580000000;290
GAZP;0;18.02.2021;10:02:03;228.580000000;1780
GAZP;0;18.02.2021;10:02:03;228.580000000;20
GAZP;0;18.02.2021;10:02:03;228.590000000;1500
GAZP;0;18.02.2021;10:02:03;228.600000000;1400
GAZP;0;18.02.2021;10:02:03;228.600000000;3600
GAZP;0;18.02.2021;10:02:03;228.600000000;400
GAZP;0;18.02.2021;10:02:03;228.520000000;140
GAZP;0;18.02.2021;10:02:03;228.540000000;940
GAZP;0;18.02.2021;10:02:03;228.540000000;2100
GAZP;0;18.02.2021;10:02:03;228.540000000;40
GAZP;0;18.02.2021;10:02:04;228.550000000;100
GAZP;0;18.02.2021;10:02:05;228.550000000;20
GAZP;0;18.02.2021;10:02:05;228.550000000;80
GAZP;0;18.02.2021;10:02:05;228.550000000;20
GAZP;0;18.02.2021;10:02:06;228.670000000;10
GAZP;0;18.02.2021;10:02:06;228.670000000;40
GAZP;0;18.02.2021;10:02:06;228.670000000;10
GAZP;0;18.02.2021;10:02:06;228.680000000;20
GAZP;0;18.02.2021;10:02:07;228.680000000;20
GAZP;0;18.02.2021;10:02:07;228.680000000;1000
GAZP;0;18.02.2021;10:02:07;228.560000000;100
GAZP;0;18.02.2021;10:02:07;228.560000000;110
GAZP;0;18.02.2021;10:02:08;228.690000000;50
GAZP;0;18.02.2021;10:02:08;228.690000000;100
GAZP;0;18.02.2021;10:02:09;228.690000000;100
GAZP;0;18.02.2021;10:02:10;228.570000000;10
GAZP;0;18.02.2021;10:02:11;228.570000000;90
GAZP;0;18.02.2021;10:02:11;228.550000000;100
GAZP;0;18.02.2021;10:02:11;228.550000000;10
GAZP;0;18.02.2021;10:02:11;228.690000000;10
GAZP;0;18.02.2021;10:02:11;228.690000000;1000
GAZP;0;18.02.2021;10:02:11;228.690000000;100
GAZP;0;18.02.2021;10:02:11;228.560000000;100
GAZP;0;18.02.2021;10:02:11;228.550000000;170
GAZP;0;18.02.2021;10:02:11;228.550000000;230
GAZP;0;18.02.2021;10:02:11;228.690000000;10
GAZP;0;18.02.2021;10:02:12;228.680000000;400
GAZP;0;18.02.2021;10:02:12;228.560000000;20
GAZP;0;18.02.2021;10:02:13;228.690000000;130
GAZP;0;18.02.2021;10:02:13;228.690000000;10
GAZP;0;18.02.2021;10:02:13;228.700000000;860
GAZP;0;18.02.2021;10:02:13;228.570000000;50
GAZP;0;18.02.2021;10:02:13;228.700000000;1000
GAZP;0;18.02.2021;10:02:14;228.560000000;60
GAZP;0;18.02.2021;10:02:14;228.700000000;500
GAZP;0;18.02.2021;10:02:15;228.570000000;40
GAZP;0;18.02.2021;10:02:15;228.700000000;440
GAZP;0;18.02.2021;10:02:16;228.560000000;10
GAZP;0;18.02.2021;10:02:16;228.560000000;10
GAZP;0;18.02.2021;10:02:16;228.540000000;20
GAZP;0;18.02.2021;10:02:16;228.540000000;70
GAZP;0;18.02.2021;10:02:18;228.680000000;40
GAZP;0;18.02.2021;10:02:19;228.690000000;10
GAZP;0;18.02.2021;10:02:19;228.690000000;10
GAZP;0;18.02.2021;10:02:19;228.690000000;10
GAZP;0;18.02.2021;10:02:19;228.690000000;100
GAZP;0;18.02.2021;10:02:20;228.570000000;10
GAZP;0;18.02.2021;10:02:20;228.690000000;100
GAZP;0;18.02.2021;10:02:21;228.690000000;440
GAZP;0;18.02.2021;10:02:21;228.570000000;100
GAZP;0;18.02.2021;10:02:21;228.560000000;100
GAZP;0;18.02.2021;10:02:21;228.570000000;100
GAZP;0;18.02.2021;10:02:21;228.550000000;10
GAZP;0;18.02.2021;10:02:21;228.540000000;30
GAZP;0;18.02.2021;10:02:21;228.540000000;530
GAZP;0;18.02.2021;10:02:21;228.530000000;2330
GAZP;0;18.02.2021;10:02:22;228.680000000;2330
GAZP;0;18.02.2021;10:02:22;228.690000000;4250
GAZP;0;18.02.2021;10:02:22;228.690000000;2300
GAZP;0;18.02.2021;10:02:22;228.700000000;1120
GAZP;0;18.02.2021;10:02:24;228.690000000;1500
GAZP;0;18.02.2021;10:02:24;228.700000000;3500
GAZP;0;18.02.2021;10:02:25;228.700000000;20
GAZP;0;18.02.2021;10:02:26;228.560000000;250
GAZP;0;18.02.2021;10:02:27;228.700000000;23600
GAZP;0;18.02.2021;10:02:27;228.700000000;10
GAZP;0;18.02.2021;10:02:27;228.700000000;680
GAZP;0;18.02.2021;10:02:27;228.700000000;400
GAZP;0;18.02.2021;10:02:27;228.700000000;20
GAZP;0;18.02.2021;10:02:27;228.700000000;10
GAZP;0;18.02.2021;10:02:28;228.700000000;30
GAZP;0;18.02.2021;10:02:28;228.650000000;10
GAZP;0;18.02.2021;10:02:29;228.700000000;20
GAZP;0;18.02.2021;10:02:29;228.700000000;1380
GAZP;0;18.02.2021;10:02:29;228.700000000;90
GAZP;0;18.02.2021;10:02:29;228.700000000;510
GAZP;0;18.02.2021;10:02:29;228.650000000;280
GAZP;0;18.02.2021;10:02:30;228.650000000;2230
GAZP;0;18.02.2021;10:02:30;228.570000000;100
GAZP;0;18.02.2021;10:02:30;228.560000000;4130
GAZP;0;18.02.2021;10:02:30;228.540000000;1000
GAZP;0;18.02.2021;10:02:30;228.530000000;680
GAZP;0;18.02.2021;10:02:30;228.530000000;1000
GAZP;0;18.02.2021;10:02:30;228.520000000;4000
GAZP;0;18.02.2021;10:02:30;228.500000000;10
GAZP;0;18.02.2021;10:02:30;228.490000000;4380
GAZP;0;18.02.2021;10:02:30;228.480000000;2470
GAZP;0;18.02.2021;10:02:30;228.520000000;110
GAZP;0;18.02.2021;10:02:30;228.640000000;200
GAZP;0;18.02.2021;10:02:31;228.640000000;1000
GAZP;0;18.02.2021;10:02:31;228.640000000;10
GAZP;0;18.02.2021;10:02:31;228.640000000;60
GAZP;0;18.02.2021;10:02:33;228.640000000;200
GAZP;0;18.02.2021;10:02:33;228.640000000;1000
GAZP;0;18.02.2021;10:02:34;228.640000000;1910
GAZP;0;18.02.2021;10:02:34;228.650000000;2360
GAZP;0;18.02.2021;10:02:34;228.670000000;1330
GAZP;0;18.02.2021;10:02:34;228.680000000;960
GAZP;0;18.02.2021;10:02:34;228.670000000;160
GAZP;0;18.02.2021;10:02:34;228.560000000;20
GAZP;0;18.02.2021;10:02:35;228.680000000;210
GAZP;0;18.02.2021;10:02:36;228.670000000;100
GAZP;0;18.02.2021;10:02:36;228.680000000;500
GAZP;0;18.02.2021;10:02:36;228.680000000;140
GAZP;0;18.02.2021;10:02:37;228.560000000;480
GAZP;0;18.02.2021;10:02:37;228.680000000;300
GAZP;0;18.02.2021;10:02:38;228.560000000;200
GAZP;0;18.02.2021;10:02:39;228.560000000;320
GAZP;0;18.02.2021;10:02:39;228.550000000;340
GAZP;0;18.02.2021;10:02:39;228.540000000;340
GAZP;0;18.02.2021;10:02:40;228.680000000;20
GAZP;0;18.02.2021;10:02:41;228.680000000;500
GAZP;0;18.02.2021;10:02:41;228.570000000;30
GAZP;0;18.02.2021;10:02:41;228.550000000;70
GAZP;0;18.02.2021;10:02:41;228.680000000;10
GAZP;0;18.02.2021;10:02:44;228.680000000;230
GAZP;0;18.02.2021;10:02:44;228.590000000;100
GAZP;0;18.02.2021;10:02:45;228.690000000;20
GAZP;0;18.02.2021;10:02:45;228.690000000;50
GAZP;0;18.02.2021;10:02:45;228.690000000;50
GAZP;0;18.02.2021;10:02:46;228.640000000;50
GAZP;0;18.02.2021;10:02:46;228.590000000;350
GAZP;0;18.02.2021;10:02:47;228.690000000;10
GAZP;0;18.02.2021;10:02:48;228.580000000;20
GAZP;0;18.02.2021;10:02:48;228.590000000;60
GAZP;0;18.02.2021;10:02:49;228.690000000;10
GAZP;0;18.02.2021;10:02:49;228.590000000;440
GAZP;0;18.02.2021;10:02:49;228.580000000;10
GAZP;0;18.02.2021;10:02:50;228.680000000;10
GAZP;0;18.02.2021;10:02:50;228.690000000;100
GAZP;0;18.02.2021;10:02:51;228.690000000;30
GAZP;0;18.02.2021;10:02:51;228.670000000;130
GAZP;0;18.02.2021;10:02:51;228.690000000;170
GAZP;0;18.02.2021;10:02:51;228.690000000;3220
GAZP;0;18.02.2021;10:02:51;228.690000000;10
GAZP;0;18.02.2021;10:02:51;228.690000000;1500
GAZP;0;18.02.2021;10:02:51;228.690000000;100
GAZP;0;18.02.2021;10:02:53;228.590000000;500
GAZP;0;18.02.2021;10:02:56;228.590000000;500
GAZP;0;18.02.2021;10:02:56;228.590000000;300
GAZP;0;18.02.2021;10:02:56;228.590000000;930
GAZP;0;18.02.2021;10:02:56;228.580000000;3070
GAZP;0;18.02.2021;10:02:56;228.570000000;100
GAZP;0;18.02.2021;10:02:56;228.560000000;840
GAZP;0;18.02.2021;10:02:56;228.550000000;530
GAZP;0;18.02.2021;10:02:56;228.550000000;1000
GAZP;0;18.02.2021;10:02:56;228.550000000;1000
GAZP;0;18.02.2021;10:02:56;228.550000000;180
GAZP;0;18.02.2021;10:02:56;228.530000000;1420
GAZP;0;18.02.2021;10:02:56;228.510000000;130
GAZP;0;18.02.2021;10:02:57;228.540000000;10
GAZP;0;18.02.2021;10:02:58;228.660000000;200
GAZP;0;18.02.2021;10:02:59;228.690000000;10
GAZP;0;18.02.2021;10:02:59;228.690000000;10
GAZP;0;18.02.2021;10:03:00;228.690000000;100
GAZP;0;18.02.2021;10:03:00;228.690000000;100
GAZP;0;18.02.2021;10:03:00;228.690000000;100
GAZP;0;18.02.2021;10:03:01;228.690000000;460
GAZP;0;18.02.2021;10:03:01;228.690000000;500
GAZP;0;18.02.2021;10:03:01;228.690000000;20
GAZP;0;18.02.2021;10:03:01;228.690000000;20
GAZP;0;18.02.2021;10:03:01;228.600000000;50
GAZP;0;18.02.2021;10:03:01;228.560000000;200
GAZP;0;18.02.2021;10:03:01;228.550000000;750
GAZP;0;18.02.2021;10:03:01;228.680000000;10
GAZP;0;18.02.2021;10:03:01;228.680000000;300
GAZP;0;18.02.2021;10:03:02;228.680000000;100
GAZP;0;18.02.2021;10:03:03;228.580000000;50
GAZP;0;18.02.2021;10:03:03;228.680000000;1200
GAZP;0;18.02.2021;10:03:04;228.680000000;10
GAZP;0;18.02.2021;10:03:05;228.570000000;20
GAZP;0;18.02.2021;10:03:05;228.650000000;10
GAZP;0;18.02.2021;10:03:05;228.640000000;10
GAZP;0;18.02.2021;10:03:06;228.570000000;10
GAZP;0;18.02.2021;10:03:08;228.590000000;10
GAZP;0;18.02.2021;10:03:08;228.650000000;40
GAZP;0;18.02.2021;10:03:08;228.660000000;20
GAZP;0;18.02.2021;10:03:11;228.680000000;10
GAZP;0;18.02.2021;10:03:11;228.680000000;10
GAZP;0;18.02.2021;10:03:11;228.640000000;10
GAZP;0;18.02.2021;10:03:12;228.640000000;20
GAZP;0;18.02.2021;10:03:12;228.640000000;80
GAZP;0;18.02.2021;10:03:13;228.670000000;1000
GAZP;0;18.02.2021;10:03:14;228.660000000;440
GAZP;0;18.02.2021;10:03:14;228.550000000;60
GAZP;0;18.02.2021;10:03:17;228.640000000;100
GAZP;0;18.02.2021;10:03:17;228.560000000;10
GAZP;0;18.02.2021;10:03:18;228.560000000;490
GAZP;0;18.02.2021;10:03:18;228.550000000;1190
GAZP;0;18.02.2021;10:03:18;228.540000000;200
GAZP;0;18.02.2021;10:03:18;228.540000000;10
GAZP;0;18.02.2021;10:03:18;228.520000000;930
GAZP;0;18.02.2021;10:03:18;228.520000000;2640
GAZP;0;18.02.2021;10:03:18;228.500000000;2030
GAZP;0;18.02.2021;10:03:18;228.500000000;1000
GAZP;0;18.02.2021;10:03:18;228.500000000;2000
GAZP;0;18.02.2021;10:03:18;228.500000000;10
GAZP;0;18.02.2021;10:03:18;228.500000000;1000
GAZP;0;18.02.2021;10:03:18;228.490000000;5000
GAZP;0;18.02.2021;10:03:18;228.480000000;20
GAZP;0;18.02.2021;10:03:18;228.470000000;1200
GAZP;0;18.02.2021;10:03:18;228.460000000;200
GAZP;0;18.02.2021;10:03:18;228.440000000;300
GAZP;0;18.02.2021;10:03:18;228.430000000;300
GAZP;0;18.02.2021;10:03:18;228.420000000;610
GAZP;0;18.02.2021;10:03:18;228.420000000;760
GAZP;0;18.02.2021;10:03:18;228.410000000;2220
GAZP;0;18.02.2021;10:03:18;228.410000000;610
GAZP;0;18.02.2021;10:03:18;228.410000000;2280
GAZP;0;18.02.2021;10:03:18;228.560000000;200
GAZP;0;18.02.2021;10:03:19;228.480000000;20
GAZP;0;18.02.2021;10:03:19;228.500000000;160
GAZP;0;18.02.2021;10:03:21;228.540000000;20
GAZP;0;18.02.2021;10:03:22;228.410000000;20
GAZP;0;18.02.2021;10:03:22;228.400000000;210
GAZP;0;18.02.2021;10:03:22;228.520000000;70
GAZP;0;18.02.2021;10:03:22;228.520000000;200
GAZP;0;18.02.2021;10:03:22;228.520000000;20
GAZP;0;18.02.2021;10:03:22;228.520000000;10
GAZP;0;18.02.2021;10:03:24;228.520000000;100
GAZP;0;18.02.2021;10:03:24;228.520000000;10
GAZP;0;18.02.2021;10:03:26;228.440000000;20
GAZP;0;18.02.2021;10:03:26;228.500000000;10
GAZP;0;18.02.2021;10:03:27;228.520000000;1000
GAZP;0;18.02.2021;10:03:27;228.520000000;50
GAZP;0;18.02.2021;10:03:28;228.440000000;100
GAZP;0;18.02.2021;10:03:28;228.430000000;300
GAZP;0;18.02.2021;10:03:28;228.520000000;20
GAZP;0;18.02.2021;10:03:28;228.520000000;800
GAZP;0;18.02.2021;10:03:28;228.540000000;200
GAZP;0;18.02.2021;10:03:30;228.440000000;100
GAZP;0;18.02.2021;10:03:30;228.420000000;10
GAZP;0;18.02.2021;10:03:30;228.410000000;230
GAZP;0;18.02.2021;10:03:30;228.410000000;40
GAZP;0;18.02.2021;10:03:30;228.410000000;120
GAZP;0;18.02.2021;10:03:30;228.410000000;80
GAZP;0;18.02.2021;10:03:30;228.510000000;2000
GAZP;0;18.02.2021;10:03:30;228.520000000;10
GAZP;0;18.02.2021;10:03:31;228.520000000;100
GAZP;0;18.02.2021;10:03:31;228.520000000;10
GAZP;0;18.02.2021;10:03:32;228.520000000;130
GAZP;0;18.02.2021;10:03:32;228.450000000;30
GAZP;0;18.02.2021;10:03:32;228.500000000;200
GAZP;0;18.02.2021;10:03:32;228.520000000;800
GAZP;0;18.02.2021;10:03:33;228.400000000;500
GAZP;0;18.02.2021;10:03:34;228.520000000;20
GAZP;0;18.02.2021;10:03:35;228.410000000;10
GAZP;0;18.02.2021;10:03:36;228.400000000;230
GAZP;0;18.02.2021;10:03:38;228.500000000;500
GAZP;0;18.02.2021;10:03:38;228.510000000;1140
GAZP;0;18.02.2021;10:03:38;228.520000000;230
GAZP;0;18.02.2021;10:03:38;228.520000000;4380
GAZP;0;18.02.2021;10:03:38;228.530000000;2400
GAZP;0;18.02.2021;10:03:38;228.550000000;150
GAZP;0;18.02.2021;10:03:38;228.550000000;700
GAZP;0;18.02.2021;10:03:38;228.600000000;170
GAZP;0;18.02.2021;10:03:38;228.520000000;1000
GAZP;0;18.02.2021;10:03:39;228.520000000;10
GAZP;0;18.02.2021;10:03:39;228.410000000;10
GAZP;0;18.02.2021;10:03:39;228.410000000;50
GAZP;0;18.02.2021;10:03:40;228.410000000;240
GAZP;0;18.02.2021;10:03:40;228.520000000;90
GAZP;0;18.02.2021;10:03:41;228.520000000;10
GAZP;0;18.02.2021;10:03:43;228.430000000;50
GAZP;0;18.02.2021;10:03:43;228.410000000;4090
GAZP;0;18.02.2021;10:03:43;228.400000000;5910
GAZP;0;18.02.2021;10:03:43;228.500000000;250
GAZP;0;18.02.2021;10:03:45;228.400000000;10
GAZP;0;18.02.2021;10:03:45;228.400000000;3140
GAZP;0;18.02.2021;10:03:45;228.400000000;3000
GAZP;0;18.02.2021;10:03:45;228.400000000;100
GAZP;0;18.02.2021;10:03:45;228.400000000;500
GAZP;0;18.02.2021;10:03:45;228.400000000;10
GAZP;0;18.02.2021;10:03:45;228.400000000;200
GAZP;0;18.02.2021;10:03:45;228.400000000;1000
GAZP;0;18.02.2021;10:03:45;228.390000000;100
GAZP;0;18.02.2021;10:03:46;228.370000000;100
GAZP;0;18.02.2021;10:03:46;228.370000000;250
GAZP;0;18.02.2021;10:03:47;228.410000000;100
GAZP;0;18.02.2021;10:03:47;228.440000000;400
GAZP;0;18.02.2021;10:03:47;228.360000000;850
GAZP;0;18.02.2021;10:03:47;228.360000000;100
GAZP;0;18.02.2021;10:03:47;228.360000000;9210
GAZP;0;18.02.2021;10:03:47;228.360000000;10
GAZP;0;18.02.2021;10:03:47;228.350000000;100
GAZP;0;18.02.2021;10:03:47;228.350000000;200
GAZP;0;18.02.2021;10:03:47;228.350000000;10
GAZP;0;18.02.2021;10:03:49;228.400000000;10
GAZP;0;18.02.2021;10:03:50;228.400000000;100
GAZP;0;18.02.2021;10:03:50;228.400000000;40
GAZP;0;18.02.2021;10:03:50;228.400000000;700
GAZP;0;18.02.2021;10:03:50;228.410000000;80
GAZP;0;18.02.2021;10:03:50;228.450000000;9180
GAZP;0;18.02.2021;10:03:51;228.470000000;10
GAZP;0;18.02.2021;10:03:51;228.470000000;4370
GAZP;0;18.02.2021;10:03:51;228.480000000;1780
GAZP;0;18.02.2021;10:03:51;228.490000000;10
GAZP;0;18.02.2021;10:03:51;228.500000000;1580
GAZP;0;18.02.2021;10:03:51;228.520000000;50
GAZP;0;18.02.2021;10:03:51;228.520000000;100
GAZP;0;18.02.2021;10:03:51;228.520000000;3000
GAZP;0;18.02.2021;10:03:51;228.540000000;150
GAZP;0;18.02.2021;10:03:51;228.540000000;4380
GAZP;0;18.02.2021;10:03:51;228.540000000;4380
GAZP;0;18.02.2021;10:03:51;228.550000000;100
GAZP;0;18.02.2021;10:03:51;228.550000000;430
GAZP;0;18.02.2021;10:03:51;228.550000000;600
GAZP;0;18.02.2021;10:03:51;228.550000000;2690
GAZP;0;18.02.2021;10:03:51;228.570000000;1920
GAZP;0;18.02.2021;10:03:51;228.580000000;210
GAZP;0;18.02.2021;10:03:51;228.580000000;5420
GAZP;0;18.02.2021;10:03:51;228.590000000;6000
GAZP;0;18.02.2021;10:03:51;228.600000000;1930
GAZP;0;18.02.2021;10:03:51;228.600000000;970
GAZP;0;18.02.2021;10:03:51;228.600000000;420
GAZP;0;18.02.2021;10:03:51;228.600000000;20
GAZP;0;18.02.2021;10:03:51;228.600000000;5700
GAZP;0;18.02.2021;10:03:51;228.600000000;14550
GAZP;0;18.02.2021;10:03:51;228.490000000;2690
GAZP;0;18.02.2021;10:03:51;228.480000000;310
GAZP;0;18.02.2021;10:03:51;228.620000000;300
GAZP;0;18.02.2021;10:03:51;228.510000000;100
GAZP;0;18.02.2021;10:03:51;228.500000000;210
GAZP;0;18.02.2021;10:03:53;228.510000000;100
GAZP;0;18.02.2021;10:03:53;228.550000000;20
GAZP;0;18.02.2021;10:03:53;228.640000000;10
GAZP;0;18.02.2021;10:03:53;228.520000000;10
GAZP;0;18.02.2021;10:03:55;228.640000000;50
GAZP;0;18.02.2021;10:03:56;228.530000000;10
GAZP;0;18.02.2021;10:03:56;228.630000000;120
GAZP;0;18.02.2021;10:03:56;228.640000000;40
GAZP;0;18.02.2021;10:03:56;228.650000000;570
GAZP;0;18.02.2021;10:03:57;228.520000000;50
GAZP;0;18.02.2021;10:03:58;228.520000000;1500
GAZP;0;18.02.2021;10:03:58;228.520000000;50
GAZP;0;18.02.2021;10:03:59;228.650000000;10
GAZP;0;18.02.2021;10:04:00;228.650000000;50
GAZP;0;18.02.2021;10:04:00;228.650000000;450
GAZP;0;18.02.2021;10:04:00;228.520000000;200
GAZP;0;18.02.2021;10:04:00;228.520000000;600
GAZP;0;18.02.2021;10:04:02;228.520000000;100
GAZP;0;18.02.2021;10:04:02;228.630000000;10
GAZP;0;18.02.2021;10:04:03;228.630000000;10
GAZP;0;18.02.2021;10:04:03;228.630000000;110
GAZP;0;18.02.2021;10:04:03;228.500000000;1370
GAZP;0;18.02.2021;10:04:03;228.520000000;50
GAZP;0;18.02.2021;10:04:03;228.520000000;400
GAZP;0;18.02.2021;10:04:03;228.510000000;80
GAZP;0;18.02.2021;10:04:03;228.530000000;250
GAZP;0;18.02.2021;10:04:03;228.530000000;150
GAZP;0;18.02.2021;10:04:03;228.530000000;100
GAZP;0;18.02.2021;10:04:03;228.530000000;100
GAZP;0;18.02.2021;10:04:04;228.530000000;110
GAZP;0;18.02.2021;10:04:05;228.480000000;190
GAZP;0;18.02.2021;10:04:05;228.470000000;1000
GAZP;0;18.02.2021;10:04:06;228.450000000;10
GAZP;0;18.02.2021;10:04:06;228.410000000;210
GAZP;0;18.02.2021;10:04:06;228.410000000;250
GAZP;0;18.02.2021;10:04:06;228.410000000;1760
GAZP;0;18.02.2021;10:04:06;228.400000000;30
GAZP;0;18.02.2021;10:04:06;228.370000000;870
GAZP;0;18.02.2021;10:04:06;228.360000000;1400
GAZP;0;18.02.2021;10:04:07;228.360000000;70
GAZP;0;18.02.2021;10:04:08;228.480000000;20
GAZP;0;18.02.2021;10:04:08;228.360000000;30
GAZP;0;18.02.2021;10:04:08;228.350000000;100
GAZP;0;18.02.2021;10:04:08;228.340000000;20
GAZP;0;18.02.2021;10:04:08;228.340000000;350
GAZP;0;18.02.2021;10:04:09;228.480000000;120
GAZP;0;18.02.2021;10:04:09;228.480000000;100
GAZP;0;18.02.2021;10:04:09;228.340000000;210
GAZP;0;18.02.2021;10:04:09;228.480000000;120
GAZP;0;18.02.2021;10:04:11;228.480000000;200
GAZP;0;18.02.2021;10:04:12;228.380000000;210
GAZP;0;18.02.2021;10:04:14;228.380000000;330
GAZP;0;18.02.2021;10:04:14;228.370000000;170
GAZP;0;18.02.2021;10:04:14;228.480000000;10
GAZP;0;18.02.2021;10:04:14;228.490000000;40
GAZP;0;18.02.2021;10:04:16;228.490000000;4340
GAZP;0;18.02.2021;10:04:16;228.500000000;660
GAZP;0;18.02.2021;10:04:18;228.500000000;250
GAZP;0;18.02.2021;10:04:18;228.410000000;100
GAZP;0;18.02.2021;10:04:18;228.480000000;10
GAZP;0;18.02.2021;10:04:19;228.500000000;50
GAZP;0;18.02.2021;10:04:20;228.500000000;100
GAZP;0;18.02.2021;10:04:20;228.500000000;10
GAZP;0;18.02.2021;10:04:20;228.390000000;50
GAZP;0;18.02.2021;10:04:21;228.390000000;250
GAZP;0;18.02.2021;10:04:21;228.500000000;50
GAZP;0;18.02.2021;10:04:21;228.500000000;20
GAZP;0;18.02.2021;10:04:23;228.500000000;100
GAZP;0;18.02.2021;10:04:24;228.390000000;980
GAZP;0;18.02.2021;10:04:24;228.380000000;1110
GAZP;0;18.02.2021;10:04:24;228.390000000;100
GAZP;0;18.02.2021;10:04:24;228.380000000;120
GAZP;0;18.02.2021;10:04:24;228.380000000;500
GAZP;0;18.02.2021;10:04:25;228.380000000;100
GAZP;0;18.02.2021;10:04:26;228.360000000;10
GAZP;0;18.02.2021;10:04:26;228.360000000;10
GAZP;0;18.02.2021;10:04:26;228.350000000;80
GAZP;0;18.02.2021;10:04:27;228.470000000;1000
GAZP;0;18.02.2021;10:04:27;228.490000000;1500
GAZP;0;18.02.2021;10:04:27;228.380000000;4050
GAZP;0;18.02.2021;10:04:27;228.370000000;750
GAZP;0;18.02.2021;10:04:28;228.450000000;50
GAZP;0;18.02.2021;10:04:28;228.380000000;2000
GAZP;0;18.02.2021;10:04:29;228.480000000;10
GAZP;0;18.02.2021;10:04:31;228.480000000;10
GAZP;0;18.02.2021;10:04:32;228.470000000;200
GAZP;0;18.02.2021;10:04:33;228.470000000;10
GAZP;0;18.02.2021;10:04:34;228.470000000;10
GAZP;0;18.02.2021;10:04:35;228.470000000;50
GAZP;0;18.02.2021;10:04:36;228.470000000;10
GAZP;0;18.02.2021;10:04:36;228.470000000;10
GAZP;0;18.02.2021;10:04:36;228.470000000;40
GAZP;0;18.02.2021;10:04:37;228.470000000;100
GAZP;0;18.02.2021;10:04:38;228.480000000;600
GAZP;0;18.02.2021;10:04:38;228.380000000;20
GAZP;0;18.02.2021;10:04:38;228.480000000;10
GAZP;0;18.02.2021;10:04:39;228.480000000;40
GAZP;0;18.02.2021;10:04:39;228.480000000;160
GAZP;0;18.02.2021;10:04:40;228.480000000;10
GAZP;0;18.02.2021;10:04:41;228.360000000;10
GAZP;0;18.02.2021;10:04:42;228.360000000;150
GAZP;0;18.02.2021;10:04:43;228.370000000;10
GAZP;0;18.02.2021;10:04:44;228.480000000;10
GAZP;0;18.02.2021;10:04:45;228.480000000;320
GAZP;0;18.02.2021;10:04:45;228.490000000;10
GAZP;0;18.02.2021;10:04:45;228.490000000;40
GAZP;0;18.02.2021;10:04:45;228.480000000;1000
GAZP;0;18.02.2021;10:04:50;228.370000000;180
GAZP;0;18.02.2021;10:04:51;228.490000000;100
GAZP;0;18.02.2021;10:04:51;228.490000000;3640
GAZP;0;18.02.2021;10:04:51;228.500000000;1360
GAZP;0;18.02.2021;10:04:52;228.390000000;50
GAZP;0;18.02.2021;10:04:52;228.450000000;100
GAZP;0;18.02.2021;10:04:53;228.490000000;50
GAZP;0;18.02.2021;10:04:53;228.500000000;950
GAZP;0;18.02.2021;10:04:53;228.500000000;900
GAZP;0;18.02.2021;10:04:54;228.390000000;4380
GAZP;0;18.02.2021;10:04:54;228.380000000;620
GAZP;0;18.02.2021;10:04:54;228.490000000;100
GAZP;0;18.02.2021;10:04:56;228.380000000;50
GAZP;0;18.02.2021;10:04:58;228.400000000;870
GAZP;0;18.02.2021;10:04:58;228.370000000;50
GAZP;0;18.02.2021;10:04:58;228.370000000;30
GAZP;0;18.02.2021;10:04:59;228.360000000;50
GAZP;0;18.02.2021;10:04:59;228.360000000;600
GAZP;0;18.02.2021;10:04:59;228.360000000;200
GAZP;0;18.02.2021;10:04:59;228.360000000;2000
GAZP;0;18.02.2021;10:04:59;228.380000000;30
GAZP;0;18.02.2021;10:04:59;228.380000000;100
GAZP;0;18.02.2021;10:04:59;228.360000000;10
GAZP;0;18.02.2021;10:04:59;228.380000000;1990
GAZP;0;18.02.2021;10:05:00;228.370000000;200
GAZP;0;18.02.2021;10:05:00;228.380000000;1000
GAZP;0;18.02.2021;10:05:00;228.380000000;100
GAZP;0;18.02.2021;10:05:01;228.380000000;200
GAZP;0;18.02.2021;10:05:01;228.380000000;200
GAZP;0;18.02.2021;10:05:05;228.380000000;40
GAZP;0;18.02.2021;10:05:06;228.380000000;70
GAZP;0;18.02.2021;10:05:06;228.380000000;370
GAZP;0;18.02.2021;10:05:06;228.380000000;10
GAZP;0;18.02.2021;10:05:07;228.380000000;40
GAZP;0;18.02.2021;10:05:07;228.360000000;100
GAZP;0;18.02.2021;10:05:07;228.360000000;10
GAZP;0;18.02.2021;10:05:08;228.360000000;90
GAZP;0;18.02.2021;10:05:08;228.350000000;70
GAZP;0;18.02.2021;10:05:08;228.350000000;50
GAZP;0;18.02.2021;10:05:08;228.350000000;1000
GAZP;0;18.02.2021;10:05:08;228.350000000;2380
GAZP;0;18.02.2021;10:05:08;228.350000000;1700
GAZP;0;18.02.2021;10:05:08;228.350000000;1300
GAZP;0;18.02.2021;10:05:08;228.350000000;10
GAZP;0;18.02.2021;10:05:08;228.350000000;4610
GAZP;0;18.02.2021;10:05:08;228.350000000;10
GAZP;0;18.02.2021;10:05:08;228.330000000;10
GAZP;0;18.02.2021;10:05:08;228.330000000;200
GAZP;0;18.02.2021;10:05:08;228.320000000;1000
GAZP;0;18.02.2021;10:05:08;228.320000000;1000
GAZP;0;18.02.2021;10:05:08;228.320000000;10
GAZP;0;18.02.2021;10:05:08;228.310000000;30
GAZP;0;18.02.2021;10:05:08;228.310000000;100
GAZP;0;18.02.2021;10:05:08;228.350000000;60
GAZP;0;18.02.2021;10:05:08;228.360000000;20
GAZP;0;18.02.2021;10:05:09;228.300000000;20
GAZP;0;18.02.2021;10:05:09;228.300000000;10
GAZP;0;18.02.2021;10:05:09;228.300000000;490
GAZP;0;18.02.2021;10:05:09;228.300000000;400
GAZP;0;18.02.2021;10:05:09;228.300000000;10
GAZP;0;18.02.2021;10:05:09;228.300000000;1000
GAZP;0;18.02.2021;10:05:09;228.300000000;10
GAZP;0;18.02.2021;10:05:09;228.300000000;100
GAZP;0;18.02.2021;10:05:09;228.300000000;1000
GAZP;0;18.02.2021;10:05:09;228.300000000;2000
GAZP;0;18.02.2021;10:05:09;228.300000000;1000
GAZP;0;18.02.2021;10:05:09;228.300000000;10
GAZP;0;18.02.2021;10:05:09;228.290000000;100
GAZP;0;18.02.2021;10:05:09;228.290000000;100
GAZP;0;18.02.2021;10:05:10;228.300000000;10
GAZP;0;18.02.2021;10:05:10;228.280000000;10
GAZP;0;18.02.2021;10:05:10;228.280000000;500
GAZP;0;18.02.2021;10:05:10;228.280000000;870
GAZP;0;18.02.2021;10:05:10;228.270000000;100
GAZP;0;18.02.2021;10:05:10;228.310000000;50
GAZP;0;18.02.2021;10:05:10;228.260000000;1000
GAZP;0;18.02.2021;10:05:10;228.260000000;200
GAZP;0;18.02.2021;10:05:11;228.290000000;1000
GAZP;0;18.02.2021;10:05:11;228.290000000;5000
GAZP;0;18.02.2021;10:05:11;228.250000000;10
GAZP;0;18.02.2021;10:05:11;228.250000000;500
GAZP;0;18.02.2021;10:05:11;228.250000000;50
GAZP;0;18.02.2021;10:05:11;228.290000000;460
GAZP;0;18.02.2021;10:05:11;228.300000000;40
GAZP;0;18.02.2021;10:05:11;228.300000000;30
GAZP;0;18.02.2021;10:05:11;228.240000000;700
GAZP;0;18.02.2021;10:05:11;228.240000000;300
GAZP;0;18.02.2021;10:05:11;228.240000000;20
GAZP;0;18.02.2021;10:05:11;228.230000000;10
GAZP;0;18.02.2021;10:05:11;228.230000000;10
GAZP;0;18.02.2021;10:05:11;228.230000000;50
GAZP;0;18.02.2021;10:05:11;228.220000000;1000
GAZP;0;18.02.2021;10:05:11;228.210000000;50
GAZP;0;18.02.2021;10:05:11;228.200000000;10
GAZP;0;18.02.2021;10:05:11;228.200000000;10
GAZP;0;18.02.2021;10:05:11;228.200000000;200
GAZP;0;18.02.2021;10:05:11;228.200000000;10
GAZP;0;18.02.2021;10:05:11;228.200000000;1000
GAZP;0;18.02.2021;10:05:11;228.200000000;650
GAZP;0;18.02.2021;10:05:11;228.200000000;11850
GAZP;0;18.02.2021;10:05:11;228.190000000;10
GAZP;0;18.02.2021;10:05:11;228.180000000;10
GAZP;0;18.02.2021;10:05:11;228.170000000;30
GAZP;0;18.02.2021;10:05:11;228.170000000;70
GAZP;0;18.02.2021;10:05:11;228.150000000;100
GAZP;0;18.02.2021;10:05:11;228.150000000;10
GAZP;0;18.02.2021;10:05:11;228.150000000;190
GAZP;0;18.02.2021;10:05:11;228.150000000;210
GAZP;0;18.02.2021;10:05:11;228.130000000;10
GAZP;0;18.02.2021;10:05:11;228.130000000;100
GAZP;0;18.02.2021;10:05:11;228.110000000;100
GAZP;0;18.02.2021;10:05:12;228.110000000;4900
GAZP;0;18.02.2021;10:05:12;228.100000000;100
GAZP;0;18.02.2021;10:05:12;228.100000000;500
GAZP;0;18.02.2021;10:05:12;228.100000000;10
GAZP;0;18.02.2021;10:05:12;228.100000000;10
GAZP;0;18.02.2021;10:05:12;228.100000000;250
GAZP;0;18.02.2021;10:05:12;228.100000000;50
GAZP;0;18.02.2021;10:05:12;228.100000000;100
GAZP;0;18.02.2021;10:05:12;228.100000000;450
GAZP;0;18.02.2021;10:05:12;228.100000000;10
GAZP;0;18.02.2021;10:05:12;228.080000000;10
GAZP;0;18.02.2021;10:05:12;228.080000000;200
GAZP;0;18.02.2021;10:05:12;228.080000000;190
GAZP;0;18.02.2021;10:05:12;228.080000000;300
GAZP;0;18.02.2021;10:05:12;228.080000000;310
GAZP;0;18.02.2021;10:05:12;228.080000000;10
GAZP;0;18.02.2021;10:05:12;228.080000000;200
GAZP;0;18.02.2021;10:05:12;228.050000000;10
GAZP;0;18.02.2021;10:05:12;228.050000000;10
GAZP;0;18.02.2021;10:05:12;228.050000000;10
GAZP;0;18.02.2021;10:05:12;228.040000000;400
GAZP;0;18.02.2021;10:05:12;228.040000000;500
GAZP;0;18.02.2021;10:05:12;228.030000000;10
GAZP;0;18.02.2021;10:05:12;228.020000000;1000
GAZP;0;18.02.2021;10:05:12;228.010000000;20
GAZP;0;18.02.2021;10:05:12;228.010000000;20
GAZP;0;18.02.2021;10:05:12;228.010000000;200
GAZP;0;18.02.2021;10:05:12;228.010000000;440
GAZP;0;18.02.2021;10:05:12;228.010000000;5560
GAZP;0;18.02.2021;10:05:12;228.010000000;10
GAZP;0;18.02.2021;10:05:12;228.010000000;350
GAZP;0;18.02.2021;10:05:12;228.010000000;50
GAZP;0;18.02.2021;10:05:12;228.010000000;50
GAZP;0;18.02.2021;10:05:12;228.010000000;20
GAZP;0;18.02.2021;10:05:12;228.010000000;200
GAZP;0;18.02.2021;10:05:12;228.000000000;10
GAZP;0;18.02.2021;10:05:12;228.000000000;40
GAZP;0;18.02.2021;10:05:12;228.000000000;200
GAZP;0;18.02.2021;10:05:12;228.000000000;500
GAZP;0;18.02.2021;10:05:12;228.000000000;150
GAZP;0;18.02.2021;10:05:12;228.000000000;10
GAZP;0;18.02.2021;10:05:12;228.000000000;400
GAZP;0;18.02.2021;10:05:12;228.000000000;1000
GAZP;0;18.02.2021;10:05:12;228.000000000;3000
GAZP;0;18.02.2021;10:05:12;228.000000000;10
GAZP;0;18.02.2021;10:05:12;228.000000000;100
GAZP;0;18.02.2021;10:05:12;228.000000000;2970
GAZP;0;18.02.2021;10:05:12;228.000000000;20
GAZP;0;18.02.2021;10:05:12;228.000000000;10
GAZP;0;18.02.2021;10:05:12;228.000000000;10
GAZP;0;18.02.2021;10:05:12;228.000000000;10
GAZP;0;18.02.2021;10:05:12;228.000000000;2060
GAZP;0;18.02.2021;10:05:12;228.000000000;500
GAZP;0;18.02.2021;10:05:12;228.000000000;3000
GAZP;0;18.02.2021;10:05:12;228.000000000;1110
GAZP;0;18.02.2021;10:05:12;228.000000000;10
GAZP;0;18.02.2021;10:05:12;228.000000000;10
GAZP;0;18.02.2021;10:05:12;228.000000000;2000
GAZP;0;18.02.2021;10:05:12;228.000000000;230
GAZP;0;18.02.2021;10:05:12;228.000000000;40
GAZP;0;18.02.2021;10:05:12;228.000000000;4000
GAZP;0;18.02.2021;10:05:12;228.000000000;5000
GAZP;0;18.02.2021;10:05:12;228.000000000;100
GAZP;0;18.02.2021;10:05:12;228.000000000;10
GAZP;0;18.02.2021;10:05:12;228.000000000;20
GAZP;0;18.02.2021;10:05:12;228.000000000;500
GAZP;0;18.02.2021;10:05:12;228.000000000;50
GAZP;0;18.02.2021;10:05:12;228.000000000;20
GAZP;0;18.02.2021;10:05:12;228.000000000;760
GAZP;0;18.02.2021;10:05:12;228.000000000;980
GAZP;0;18.02.2021;10:05:12;228.000000000;2000
GAZP;0;18.02.2021;10:05:12;228.000000000;10
GAZP;0;18.02.2021;10:05:12;228.000000000;100
GAZP;0;18.02.2021;10:05:12;228.000000000;2200
GAZP;0;18.02.2021;10:05:12;228.000000000;30
GAZP;0;18.02.2021;10:05:12;227.950000000;10
GAZP;0;18.02.2021;10:05:12;227.940000000;10
GAZP;0;18.02.2021;10:05:12;227.920000000;50
GAZP;0;18.02.2021;10:05:12;227.910000000;100
GAZP;0;18.02.2021;10:05:12;227.900000000;10
GAZP;0;18.02.2021;10:05:12;227.900000000;140
GAZP;0;18.02.2021;10:05:12;227.900000000;660
GAZP;0;18.02.2021;10:05:12;227.900000000;10
GAZP;0;18.02.2021;10:05:12;227.900000000;10
GAZP;0;18.02.2021;10:05:12;227.880000000;2000
GAZP;0;18.02.2021;10:05:12;227.870000000;20
GAZP;0;18.02.2021;10:05:12;227.870000000;80
GAZP;0;18.02.2021;10:05:12;227.870000000;900
GAZP;0;18.02.2021;10:05:12;227.870000000;2400
GAZP;0;18.02.2021;10:05:12;227.850000000;10
GAZP;0;18.02.2021;10:05:12;227.840000000;300
GAZP;0;18.02.2021;10:05:12;227.840000000;130
GAZP;0;18.02.2021;10:05:12;227.850000000;100
GAZP;0;18.02.2021;10:05:12;227.930000000;20
GAZP;0;18.02.2021;10:05:12;227.840000000;100
GAZP;0;18.02.2021;10:05:12;227.930000000;50
GAZP;0;18.02.2021;10:05:12;227.840000000;10
GAZP;0;18.02.2021;10:05:12;227.880000000;10
GAZP;0;18.02.2021;10:05:12;227.880000000;190
GAZP;0;18.02.2021;10:05:12;227.890000000;810
GAZP;0;18.02.2021;10:05:12;227.840000000;1300
GAZP;0;18.02.2021;10:05:12;227.910000000;110
GAZP;0;18.02.2021;10:05:12;227.900000000;110
GAZP;0;18.02.2021;10:05:12;227.910000000;80
GAZP;0;18.02.2021;10:05:12;227.900000000;390
GAZP;0;18.02.2021;10:05:12;227.840000000;1200
GAZP;0;18.02.2021;10:05:12;227.840000000;40
GAZP;0;18.02.2021;10:05:12;227.840000000;700
GAZP;0;18.02.2021;10:05:13;227.840000000;6150
GAZP;0;18.02.2021;10:05:13;227.840000000;70
GAZP;0;18.02.2021;10:05:13;227.890000000;100
GAZP;0;18.02.2021;10:05:13;227.900000000;1000
GAZP;0;18.02.2021;10:05:13;227.900000000;200
GAZP;0;18.02.2021;10:05:13;227.900000000;400
GAZP;0;18.02.2021;10:05:13;227.900000000;400
GAZP;0;18.02.2021;10:05:13;227.840000000;1680
GAZP;0;18.02.2021;10:05:13;227.830000000;10
GAZP;0;18.02.2021;10:05:13;227.820000000;10
GAZP;0;18.02.2021;10:05:13;227.820000000;10
GAZP;0;18.02.2021;10:05:13;227.820000000;1000
GAZP;0;18.02.2021;10:05:13;227.820000000;1360
GAZP;0;18.02.2021;10:05:13;227.810000000;100
GAZP;0;18.02.2021;10:05:13;227.810000000;300
GAZP;0;18.02.2021;10:05:13;227.800000000;10
GAZP;0;18.02.2021;10:05:13;227.800000000;2000
GAZP;0;18.02.2021;10:05:13;227.800000000;10
GAZP;0;18.02.2021;10:05:13;227.800000000;1510
GAZP;0;18.02.2021;10:05:13;227.790000000;10
GAZP;0;18.02.2021;10:05:13;227.780000000;90
GAZP;0;18.02.2021;10:05:14;227.900000000;10
GAZP;0;18.02.2021;10:05:14;227.900000000;440
GAZP;0;18.02.2021;10:05:14;227.900000000;560
GAZP;0;18.02.2021;10:05:14;227.900000000;1000
GAZP;0;18.02.2021;10:05:14;227.900000000;1430
GAZP;0;18.02.2021;10:05:15;227.820000000;10
GAZP;0;18.02.2021;10:05:15;227.910000000;10
GAZP;0;18.02.2021;10:05:15;227.910000000;300
GAZP;0;18.02.2021;10:05:15;227.910000000;500
GAZP;0;18.02.2021;10:05:15;227.930000000;390
GAZP;0;18.02.2021;10:05:15;227.930000000;10
GAZP;0;18.02.2021;10:05:15;227.940000000;460
GAZP;0;18.02.2021;10:05:15;227.960000000;340
GAZP;0;18.02.2021;10:05:15;227.980000000;10
GAZP;0;18.02.2021;10:05:15;227.980000000;120
GAZP;0;18.02.2021;10:05:16;227.980000000;470
GAZP;0;18.02.2021;10:05:16;227.990000000;100
GAZP;0;18.02.2021;10:05:16;227.990000000;1000
GAZP;0;18.02.2021;10:05:16;227.990000000;560
GAZP;0;18.02.2021;10:05:16;227.990000000;510
GAZP;0;18.02.2021;10:05:16;227.990000000;1150
GAZP;0;18.02.2021;10:05:16;227.990000000;2020
GAZP;0;18.02.2021;10:05:16;228.000000000;300
GAZP;0;18.02.2021;10:05:16;228.000000000;140
GAZP;0;18.02.2021;10:05:16;228.000000000;500
GAZP;0;18.02.2021;10:05:16;228.000000000;1000
GAZP;0;18.02.2021;10:05:16;228.000000000;2000
GAZP;0;18.02.2021;10:05:16;228.000000000;100
GAZP;0;18.02.2021;10:05:16;227.990000000;800
GAZP;0;18.02.2021;10:05:17;227.990000000;200
GAZP;0;18.02.2021;10:05:17;227.980000000;100
GAZP;0;18.02.2021;10:05:17;228.070000000;100
GAZP;0;18.02.2021;10:05:17;228.070000000;100
GAZP;0;18.02.2021;10:05:17;227.980000000;1830
GAZP;0;18.02.2021;10:05:17;227.950000000;90
GAZP;0;18.02.2021;10:05:17;227.890000000;1080
GAZP;0;18.02.2021;10:05:19;228.000000000;10
GAZP;0;18.02.2021;10:05:21;228.070000000;200
GAZP;0;18.02.2021;10:05:22;228.000000000;10
GAZP;0;18.02.2021;10:05:22;228.000000000;90
GAZP;0;18.02.2021;10:05:24;227.920000000;10
GAZP;0;18.02.2021;10:05:24;227.880000000;20
GAZP;0;18.02.2021;10:05:24;227.920000000;10
GAZP;0;18.02.2021;10:05:24;227.920000000;20
GAZP;0;18.02.2021;10:05:24;227.850000000;310
GAZP;0;18.02.2021;10:05:24;227.840000000;140
GAZP;0;18.02.2021;10:05:24;227.840000000;20
GAZP;0;18.02.2021;10:05:25;227.990000000;500
GAZP;0;18.02.2021;10:05:25;227.840000000;10
GAZP;0;18.02.2021;10:05:25;227.840000000;200
GAZP;0;18.02.2021;10:05:25;227.990000000;890
GAZP;0;18.02.2021;10:05:25;227.990000000;340
GAZP;0;18.02.2021;10:05:25;227.900000000;100
GAZP;0;18.02.2021;10:05:28;227.900000000;10
GAZP;0;18.02.2021;10:05:29;227.970000000;200
GAZP;0;18.02.2021;10:05:29;227.930000000;10
GAZP;0;18.02.2021;10:05:29;227.970000000;100
GAZP;0;18.02.2021;10:05:29;227.970000000;500
GAZP;0;18.02.2021;10:05:29;227.970000000;210
GAZP;0;18.02.2021;10:05:29;227.930000000;10
GAZP;0;18.02.2021;10:05:30;227.940000000;60
GAZP;0;18.02.2021;10:05:30;227.940000000;540
GAZP;0;18.02.2021;10:05:30;227.910000000;460
GAZP;0;18.02.2021;10:05:30;227.910000000;10
GAZP;0;18.02.2021;10:05:30;227.930000000;150
GAZP;0;18.02.2021;10:05:31;227.970000000;10
GAZP;0;18.02.2021;10:05:31;228.000000000;500
GAZP;0;18.02.2021;10:05:33;227.910000000;10
GAZP;0;18.02.2021;10:05:35;228.000000000;70
GAZP;0;18.02.2021;10:05:36;227.930000000;500
GAZP;0;18.02.2021;10:05:36;227.920000000;50
GAZP;0;18.02.2021;10:05:36;227.910000000;450
GAZP;0;18.02.2021;10:05:36;227.910000000;50
GAZP;0;18.02.2021;10:05:36;227.900000000;1890
GAZP;0;18.02.2021;10:05:36;227.900000000;460
GAZP;0;18.02.2021;10:05:36;227.900000000;1600
GAZP;0;18.02.2021;10:05:37;228.000000000;50
GAZP;0;18.02.2021;10:05:38;228.000000000;10
GAZP;0;18.02.2021;10:05:38;228.000000000;60
GAZP;0;18.02.2021;10:05:38;227.920000000;10
GAZP;0;18.02.2021;10:05:38;227.900000000;90
GAZP;0;18.02.2021;10:05:39;228.000000000;100
GAZP;0;18.02.2021;10:05:40;228.000000000;70
GAZP;0;18.02.2021;10:05:40;227.930000000;2000
GAZP;0;18.02.2021;10:05:42;228.000000000;200
GAZP;0;18.02.2021;10:05:42;228.000000000;440
GAZP;0;18.02.2021;10:05:42;228.000000000;500
GAZP;0;18.02.2021;10:05:42;228.000000000;60
GAZP;0;18.02.2021;10:05:42;227.930000000;300
GAZP;0;18.02.2021;10:05:42;227.930000000;100
GAZP;0;18.02.2021;10:05:42;228.000000000;10
GAZP;0;18.02.2021;10:05:42;227.930000000;400
GAZP;0;18.02.2021;10:05:42;227.930000000;1000
GAZP;0;18.02.2021;10:05:42;227.920000000;2000
GAZP;0;18.02.2021;10:05:42;227.910000000;100
GAZP;0;18.02.2021;10:05:42;227.900000000;8310
GAZP;0;18.02.2021;10:05:42;227.900000000;500
GAZP;0;18.02.2021;10:05:42;227.810000000;1090
GAZP;0;18.02.2021;10:05:42;227.920000000;1000
GAZP;0;18.02.2021;10:05:42;227.810000000;20
GAZP;0;18.02.2021;10:05:43;227.920000000;400
GAZP;0;18.02.2021;10:05:43;227.920000000;100
GAZP;0;18.02.2021;10:05:43;227.920000000;70
GAZP;0;18.02.2021;10:05:43;227.920000000;100
GAZP;0;18.02.2021;10:05:44;227.820000000;10
GAZP;0;18.02.2021;10:05:44;227.920000000;660
GAZP;0;18.02.2021;10:05:44;227.960000000;340
GAZP;0;18.02.2021;10:05:44;227.980000000;1000
GAZP;0;18.02.2021;10:05:45;227.980000000;1000
GAZP;0;18.02.2021;10:05:45;227.840000000;10
GAZP;0;18.02.2021;10:05:45;227.910000000;10
GAZP;0;18.02.2021;10:05:45;227.990000000;200
GAZP;0;18.02.2021;10:05:46;227.990000000;1800
GAZP;0;18.02.2021;10:05:46;228.000000000;110
GAZP;0;18.02.2021;10:05:46;228.000000000;200
GAZP;0;18.02.2021;10:05:46;228.000000000;390
GAZP;0;18.02.2021;10:05:47;228.000000000;10
GAZP;0;18.02.2021;10:05:47;227.930000000;10
GAZP;0;18.02.2021;10:05:47;227.920000000;140
GAZP;0;18.02.2021;10:05:48;227.950000000;10
GAZP;0;18.02.2021;10:05:49;227.870000000;10
GAZP;0;18.02.2021;10:05:50;227.870000000;1580
GAZP;0;18.02.2021;10:05:50;227.900000000;420
GAZP;0;18.02.2021;10:05:52;227.900000000;500
GAZP;0;18.02.2021;10:05:52;227.820000000;50
GAZP;0;18.02.2021;10:05:52;227.810000000;20
GAZP;0;18.02.2021;10:05:52;227.900000000;20
GAZP;0;18.02.2021;10:05:52;227.900000000;10
GAZP;0;18.02.2021;10:05:52;227.900000000;100
GAZP;0;18.02.2021;10:05:53;227.900000000;1400
GAZP;0;18.02.2021;10:05:53;227.900000000;10
GAZP;0;18.02.2021;10:05:54;227.820000000;10
GAZP;0;18.02.2021;10:05:54;227.810000000;90
GAZP;0;18.02.2021;10:05:55;227.900000000;250
GAZP;0;18.02.2021;10:05:55;227.900000000;290
GAZP;0;18.02.2021;10:05:56;227.820000000;40
GAZP;0;18.02.2021;10:05:56;227.820000000;460
GAZP;0;18.02.2021;10:05:56;227.810000000;2540
GAZP;0;18.02.2021;10:05:56;227.810000000;1040
GAZP;0;18.02.2021;10:05:56;227.800000000;10
GAZP;0;18.02.2021;10:05:56;227.800000000;10
GAZP;0;18.02.2021;10:05:56;227.800000000;300
GAZP;0;18.02.2021;10:05:56;227.800000000;10
GAZP;0;18.02.2021;10:05:56;227.800000000;1940
GAZP;0;18.02.2021;10:05:56;227.790000000;2000
GAZP;0;18.02.2021;10:05:56;227.780000000;30
GAZP;0;18.02.2021;10:05:56;227.780000000;1660
GAZP;0;18.02.2021;10:05:56;227.790000000;10
GAZP;0;18.02.2021;10:05:58;227.910000000;40
GAZP;0;18.02.2021;10:05:59;227.910000000;20
GAZP;0;18.02.2021;10:06:00;227.910000000;40
GAZP;0;18.02.2021;10:06:02;227.820000000;100
GAZP;0;18.02.2021;10:06:02;227.820000000;20
GAZP;0;18.02.2021;10:06:02;227.820000000;10
GAZP;0;18.02.2021;10:06:02;227.920000000;20
GAZP;0;18.02.2021;10:06:02;227.930000000;980
GAZP;0;18.02.2021;10:06:03;227.900000000;30
GAZP;0;18.02.2021;10:06:04;227.920000000;10
GAZP;0;18.02.2021;10:06:04;227.930000000;110
GAZP;0;18.02.2021;10:06:05;227.930000000;100
GAZP;0;18.02.2021;10:06:06;227.900000000;20
GAZP;0;18.02.2021;10:06:06;227.900000000;2040
GAZP;0;18.02.2021;10:06:06;227.930000000;10
GAZP;0;18.02.2021;10:06:07;227.900000000;200
GAZP;0;18.02.2021;10:06:07;227.930000000;1100
GAZP;0;18.02.2021;10:06:09;227.950000000;490
GAZP;0;18.02.2021;10:06:09;227.950000000;300
GAZP;0;18.02.2021;10:06:09;227.990000000;440
GAZP;0;18.02.2021;10:06:09;227.990000000;1000
GAZP;0;18.02.2021;10:06:09;227.990000000;2220
GAZP;0;18.02.2021;10:06:09;227.990000000;1990
GAZP;0;18.02.2021;10:06:09;228.000000000;300
GAZP;0;18.02.2021;10:06:09;228.000000000;3260
GAZP;0;18.02.2021;10:06:09;227.910000000;20
GAZP;0;18.02.2021;10:06:10;228.000000000;200
GAZP;0;18.02.2021;10:06:11;227.910000000;50
GAZP;0;18.02.2021;10:06:11;227.900000000;320
GAZP;0;18.02.2021;10:06:11;227.990000000;10
GAZP;0;18.02.2021;10:06:12;227.900000000;100
GAZP;0;18.02.2021;10:06:13;227.900000000;2000
GAZP;0;18.02.2021;10:06:13;228.000000000;10
GAZP;0;18.02.2021;10:06:13;227.990000000;10
GAZP;0;18.02.2021;10:06:13;228.000000000;10
GAZP;0;18.02.2021;10:06:14;227.990000000;100
GAZP;0;18.02.2021;10:06:15;227.900000000;20
GAZP;0;18.02.2021;10:06:16;227.930000000;10
GAZP;0;18.02.2021;10:06:17;228.000000000;1520
GAZP;0;18.02.2021;10:06:17;228.000000000;300
GAZP;0;18.02.2021;10:06:17;228.000000000;500
GAZP;0;18.02.2021;10:06:17;228.000000000;1000
GAZP;0;18.02.2021;10:06:17;228.000000000;500
GAZP;0;18.02.2021;10:06:17;228.000000000;100
GAZP;0;18.02.2021;10:06:17;228.000000000;80
GAZP;0;18.02.2021;10:06:17;228.000000000;1000
GAZP;0;18.02.2021;10:06:17;228.000000000;10
GAZP;0;18.02.2021;10:06:19;228.000000000;200
GAZP;0;18.02.2021;10:06:20;227.900000000;50
GAZP;0;18.02.2021;10:06:20;227.900000000;10
GAZP;0;18.02.2021;10:06:21;227.900000000;10
GAZP;0;18.02.2021;10:06:23;228.000000000;250
GAZP;0;18.02.2021;10:06:24;227.930000000;50
GAZP;0;18.02.2021;10:06:24;227.910000000;100
GAZP;0;18.02.2021;10:06:25;227.910000000;10
GAZP;0;18.02.2021;10:06:25;227.900000000;10
GAZP;0;18.02.2021;10:06:25;227.910000000;50
GAZP;0;18.02.2021;10:06:26;227.900000000;10
GAZP;0;18.02.2021;10:06:26;227.900000000;1180
GAZP;0;18.02.2021;10:06:26;227.900000000;2000
GAZP;0;18.02.2021;10:06:26;227.900000000;10
GAZP;0;18.02.2021;10:06:26;227.900000000;10
GAZP;0;18.02.2021;10:06:26;227.900000000;10
GAZP;0;18.02.2021;10:06:26;227.890000000;100
GAZP;0;18.02.2021;10:06:26;227.890000000;10
GAZP;0;18.02.2021;10:06:26;227.870000000;1890
GAZP;0;18.02.2021;10:06:27;227.910000000;100
GAZP;0;18.02.2021;10:06:27;227.910000000;1000
GAZP;0;18.02.2021;10:06:27;227.910000000;100
GAZP;0;18.02.2021;10:06:27;227.910000000;1000
GAZP;0;18.02.2021;10:06:27;227.910000000;800
GAZP;0;18.02.2021;10:06:28;227.900000000;1000
GAZP;0;18.02.2021;10:06:28;227.870000000;110
GAZP;0;18.02.2021;10:06:28;227.820000000;1890
GAZP;0;18.02.2021;10:06:28;227.900000000;10
GAZP;0;18.02.2021;10:06:29;227.900000000;130
GAZP;0;18.02.2021;10:06:29;227.900000000;10
GAZP;0;18.02.2021;10:06:30;227.820000000;80
GAZP;0;18.02.2021;10:06:30;227.820000000;50
GAZP;0;18.02.2021;10:06:30;227.810000000;200
GAZP;0;18.02.2021;10:06:30;227.800000000;180
GAZP;0;18.02.2021;10:06:30;227.800000000;1000
GAZP;0;18.02.2021;10:06:30;227.800000000;50
GAZP;0;18.02.2021;10:06:30;227.800000000;10
GAZP;0;18.02.2021;10:06:30;227.800000000;100
GAZP;0;18.02.2021;10:06:30;227.800000000;30
GAZP;0;18.02.2021;10:06:30;227.790000000;300
GAZP;0;18.02.2021;10:06:30;227.900000000;10
GAZP;0;18.02.2021;10:06:31;227.900000000;50
GAZP;0;18.02.2021;10:06:31;227.790000000;110
GAZP;0;18.02.2021;10:06:33;227.810000000;600
GAZP;0;18.02.2021;10:06:33;227.800000000;10
GAZP;0;18.02.2021;10:06:33;227.790000000;2590
GAZP;0;18.02.2021;10:06:33;227.780000000;100
GAZP;0;18.02.2021;10:06:33;227.780000000;2000
GAZP;0;18.02.2021;10:06:33;227.780000000;200
GAZP;0;18.02.2021;10:06:33;227.770000000;100
GAZP;0;18.02.2021;10:06:33;227.770000000;100
GAZP;0;18.02.2021;10:06:33;227.770000000;10
GAZP;0;18.02.2021;10:06:33;227.770000000;990
GAZP;0;18.02.2021;10:06:33;227.760000000;100
GAZP;0;18.02.2021;10:06:33;227.750000000;10
GAZP;0;18.02.2021;10:06:33;227.750000000;10
GAZP;0;18.02.2021;10:06:33;227.750000000;210
GAZP;0;18.02.2021;10:06:33;227.750000000;10
GAZP;0;18.02.2021;10:06:33;227.730000000;20
GAZP;0;18.02.2021;10:06:33;227.720000000;200
GAZP;0;18.02.2021;10:06:33;227.720000000;50
GAZP;0;18.02.2021;10:06:33;227.720000000;10
GAZP;0;18.02.2021;10:06:33;227.720000000;100
GAZP;0;18.02.2021;10:06:33;227.710000000;100
GAZP;0;18.02.2021;10:06:33;227.710000000;30
GAZP;0;18.02.2021;10:06:33;227.710000000;70
GAZP;0;18.02.2021;10:06:33;227.710000000;90
GAZP;0;18.02.2021;10:06:33;227.710000000;110
GAZP;0;18.02.2021;10:06:33;227.710000000;50
GAZP;0;18.02.2021;10:06:33;227.700000000;1000
GAZP;0;18.02.2021;10:06:33;227.700000000;10
GAZP;0;18.02.2021;10:06:33;227.700000000;490
GAZP;0;18.02.2021;10:06:33;227.700000000;860
GAZP;0;18.02.2021;10:06:33;227.700000000;460
GAZP;0;18.02.2021;10:06:33;227.700000000;190
GAZP;0;18.02.2021;10:06:33;227.680000000;200
GAZP;0;18.02.2021;10:06:33;227.670000000;10
GAZP;0;18.02.2021;10:06:33;227.670000000;10
GAZP;0;18.02.2021;10:06:33;227.650000000;10
GAZP;0;18.02.2021;10:06:33;227.650000000;620
GAZP;0;18.02.2021;10:06:34;227.690000000;100
GAZP;0;18.02.2021;10:06:34;227.650000000;10
GAZP;0;18.02.2021;10:06:34;227.620000000;10
GAZP;0;18.02.2021;10:06:34;227.610000000;100
GAZP;0;18.02.2021;10:06:34;227.610000000;20
GAZP;0;18.02.2021;10:06:34;227.610000000;60
GAZP;0;18.02.2021;10:06:34;227.610000000;140
GAZP;0;18.02.2021;10:06:34;227.610000000;360
GAZP;0;18.02.2021;10:06:34;227.610000000;100
GAZP;0;18.02.2021;10:06:34;227.620000000;100
GAZP;0;18.02.2021;10:06:34;227.600000000;10
GAZP;0;18.02.2021;10:06:34;227.600000000;10
GAZP;0;18.02.2021;10:06:34;227.600000000;20
GAZP;0;18.02.2021;10:06:34;227.600000000;10
GAZP;0;18.02.2021;10:06:34;227.600000000;10
GAZP;0;18.02.2021;10:06:34;227.600000000;10
GAZP;0;18.02.2021;10:06:34;227.600000000;100
GAZP;0;18.02.2021;10:06:34;227.580000000;30
GAZP;0;18.02.2021;10:06:34;227.580000000;970
GAZP;0;18.02.2021;10:06:34;227.580000000;190
GAZP;0;18.02.2021;10:06:34;227.550000000;10
GAZP;0;18.02.2021;10:06:34;227.550000000;10
GAZP;0;18.02.2021;10:06:34;227.550000000;450
GAZP;0;18.02.2021;10:06:34;227.550000000;830
GAZP;0;18.02.2021;10:06:34;227.550000000;1170
GAZP;0;18.02.2021;10:06:34;227.530000000;530
GAZP;0;18.02.2021;10:06:34;227.530000000;470
GAZP;0;18.02.2021;10:06:34;227.530000000;40
GAZP;0;18.02.2021;10:06:34;227.530000000;100
GAZP;0;18.02.2021;10:06:34;227.520000000;540
GAZP;0;18.02.2021;10:06:35;227.520000000;2400
GAZP;0;18.02.2021;10:06:35;227.520000000;100
GAZP;0;18.02.2021;10:06:35;227.520000000;30
GAZP;0;18.02.2021;10:06:35;227.520000000;400
GAZP;0;18.02.2021;10:06:35;227.550000000;250
GAZP;0;18.02.2021;10:06:36;227.560000000;10
GAZP;0;18.02.2021;10:06:36;227.570000000;990
GAZP;0;18.02.2021;10:06:36;227.620000000;200
GAZP;0;18.02.2021;10:06:36;227.510000000;10
GAZP;0;18.02.2021;10:06:37;227.620000000;400
GAZP;0;18.02.2021;10:06:37;227.620000000;60
GAZP;0;18.02.2021;10:06:37;227.620000000;10
GAZP;0;18.02.2021;10:06:37;227.640000000;930
GAZP;0;18.02.2021;10:06:38;227.520000000;10
GAZP;0;18.02.2021;10:06:38;227.510000000;90
GAZP;0;18.02.2021;10:06:38;227.510000000;100
GAZP;0;18.02.2021;10:06:38;227.510000000;180
GAZP;0;18.02.2021;10:06:38;227.510000000;50
GAZP;0;18.02.2021;10:06:38;227.510000000;20
GAZP;0;18.02.2021;10:06:38;227.510000000;10
GAZP;0;18.02.2021;10:06:38;227.510000000;1540
GAZP;0;18.02.2021;10:06:38;227.620000000;50
GAZP;0;18.02.2021;10:06:38;227.500000000;10
GAZP;0;18.02.2021;10:06:38;227.500000000;40
GAZP;0;18.02.2021;10:06:38;227.510000000;10
GAZP;0;18.02.2021;10:06:38;227.600000000;100
GAZP;0;18.02.2021;10:06:38;227.600000000;70
GAZP;0;18.02.2021;10:06:38;227.510000000;10
GAZP;0;18.02.2021;10:06:38;227.510000000;10
GAZP;0;18.02.2021;10:06:38;227.500000000;890
GAZP;0;18.02.2021;10:06:38;227.500000000;2100
GAZP;0;18.02.2021;10:06:38;227.500000000;6970
GAZP;0;18.02.2021;10:06:38;227.500000000;10
GAZP;0;18.02.2021;10:06:38;227.500000000;1000
GAZP;0;18.02.2021;10:06:38;227.500000000;3000
GAZP;0;18.02.2021;10:06:38;227.500000000;10
GAZP;0;18.02.2021;10:06:38;227.500000000;5000
GAZP;0;18.02.2021;10:06:38;227.500000000;2000
GAZP;0;18.02.2021;10:06:38;227.500000000;1000
GAZP;0;18.02.2021;10:06:38;227.500000000;10
GAZP;0;18.02.2021;10:06:38;227.500000000;500
GAZP;0;18.02.2021;10:06:38;227.500000000;6500
GAZP;0;18.02.2021;10:06:38;227.500000000;8500
GAZP;0;18.02.2021;10:06:38;227.500000000;8000
GAZP;0;18.02.2021;10:06:38;227.500000000;20
GAZP;0;18.02.2021;10:06:38;227.500000000;1000
GAZP;0;18.02.2021;10:06:38;227.500000000;20
GAZP;0;18.02.2021;10:06:38;227.500000000;10
GAZP;0;18.02.2021;10:06:38;227.500000000;300
GAZP;0;18.02.2021;10:06:38;227.490000000;340
GAZP;0;18.02.2021;10:06:39;227.540000000;100
GAZP;0;18.02.2021;10:06:39;227.510000000;130
GAZP;0;18.02.2021;10:06:39;227.510000000;70
GAZP;0;18.02.2021;10:06:39;227.480000000;150
GAZP;0;18.02.2021;10:06:39;227.500000000;100
GAZP;0;18.02.2021;10:06:39;227.500000000;1000
GAZP;0;18.02.2021;10:06:39;227.500000000;900
GAZP;0;18.02.2021;10:06:39;227.460000000;600
GAZP;0;18.02.2021;10:06:39;227.450000000;10
GAZP;0;18.02.2021;10:06:39;227.450000000;100
GAZP;0;18.02.2021;10:06:39;227.450000000;30
GAZP;0;18.02.2021;10:06:39;227.450000000;1260
GAZP;0;18.02.2021;10:06:39;227.480000000;10
GAZP;0;18.02.2021;10:06:39;227.560000000;10
GAZP;0;18.02.2021;10:06:39;227.560000000;10
GAZP;0;18.02.2021;10:06:39;227.520000000;1000
GAZP;0;18.02.2021;10:06:39;227.520000000;30
GAZP;0;18.02.2021;10:06:40;227.520000000;10
GAZP;0;18.02.2021;10:06:40;227.520000000;400
GAZP;0;18.02.2021;10:06:40;227.520000000;800
GAZP;0;18.02.2021;10:06:40;227.550000000;10
GAZP;0;18.02.2021;10:06:40;227.520000000;10
GAZP;0;18.02.2021;10:06:40;227.560000000;10
GAZP;0;18.02.2021;10:06:40;227.560000000;10
GAZP;0;18.02.2021;10:06:40;227.520000000;10
GAZP;0;18.02.2021;10:06:40;227.520000000;10
GAZP;0;18.02.2021;10:06:40;227.520000000;10
GAZP;0;18.02.2021;10:06:40;227.520000000;10
GAZP;0;18.02.2021;10:06:40;227.520000000;2600
GAZP;0;18.02.2021;10:06:40;227.520000000;400
GAZP;0;18.02.2021;10:06:41;227.520000000;10
GAZP;0;18.02.2021;10:06:41;227.560000000;300
GAZP;0;18.02.2021;10:06:41;227.520000000;10
GAZP;0;18.02.2021;10:06:41;227.520000000;10
GAZP;0;18.02.2021;10:06:41;227.520000000;10
GAZP;0;18.02.2021;10:06:41;227.520000000;1900
GAZP;0;18.02.2021;10:06:41;227.560000000;100
GAZP;0;18.02.2021;10:06:41;227.520000000;10
GAZP;0;18.02.2021;10:06:42;227.520000000;30
GAZP;0;18.02.2021;10:06:42;227.520000000;120
GAZP;0;18.02.2021;10:06:42;227.520000000;400
GAZP;0;18.02.2021;10:06:42;227.520000000;10
GAZP;0;18.02.2021;10:06:42;227.520000000;10
GAZP;0;18.02.2021;10:06:42;227.520000000;920
GAZP;0;18.02.2021;10:06:42;227.500000000;70
GAZP;0;18.02.2021;10:06:42;227.500000000;10
GAZP;0;18.02.2021;10:06:42;227.560000000;20
GAZP;0;18.02.2021;10:06:43;227.560000000;380
GAZP;0;18.02.2021;10:06:43;227.560000000;120
GAZP;0;18.02.2021;10:06:43;227.500000000;10
GAZP;0;18.02.2021;10:06:43;227.500000000;2980
GAZP;0;18.02.2021;10:06:43;227.490000000;10
GAZP;0;18.02.2021;10:06:43;227.560000000;970
GAZP;0;18.02.2021;10:06:43;227.560000000;950
GAZP;0;18.02.2021;10:06:43;227.560000000;80
GAZP;0;18.02.2021;10:06:44;227.470000000;10
GAZP;0;18.02.2021;10:06:44;227.470000000;10
GAZP;0;18.02.2021;10:06:44;227.420000000;190
GAZP;0;18.02.2021;10:06:45;227.560000000;10
GAZP;0;18.02.2021;10:06:45;227.470000000;10
GAZP;0;18.02.2021;10:06:46;227.420000000;10
GAZP;0;18.02.2021;10:06:46;227.560000000;820
GAZP;0;18.02.2021;10:06:47;227.420000000;10
GAZP;0;18.02.2021;10:06:47;227.560000000;10
GAZP;0;18.02.2021;10:06:48;227.500000000;1000
GAZP;0;18.02.2021;10:06:48;227.500000000;10
GAZP;0;18.02.2021;10:06:49;227.500000000;240
GAZP;0;18.02.2021;10:06:49;227.500000000;1250
GAZP;0;18.02.2021;10:06:49;227.500000000;300
GAZP;0;18.02.2021;10:06:49;227.460000000;10
GAZP;0;18.02.2021;10:06:49;227.450000000;440
GAZP;0;18.02.2021;10:06:49;227.510000000;50
GAZP;0;18.02.2021;10:06:49;227.460000000;10
GAZP;0;18.02.2021;10:06:49;227.450000000;1300
GAZP;0;18.02.2021;10:06:49;227.420000000;330
GAZP;0;18.02.2021;10:06:49;227.550000000;130
GAZP;0;18.02.2021;10:06:50;227.470000000;50
GAZP;0;18.02.2021;10:06:51;227.470000000;2000
GAZP;0;18.02.2021;10:06:51;227.410000000;100
GAZP;0;18.02.2021;10:06:51;227.410000000;100
GAZP;0;18.02.2021;10:06:51;227.410000000;10
GAZP;0;18.02.2021;10:06:51;227.410000000;190
GAZP;0;18.02.2021;10:06:51;227.400000000;10
GAZP;0;18.02.2021;10:06:51;227.400000000;50
GAZP;0;18.02.2021;10:06:51;227.400000000;20
GAZP;0;18.02.2021;10:06:51;227.400000000;30
GAZP;0;18.02.2021;10:06:51;227.400000000;100
GAZP;0;18.02.2021;10:06:51;227.400000000;70
GAZP;0;18.02.2021;10:06:51;227.400000000;10
GAZP;0;18.02.2021;10:06:51;227.400000000;420
GAZP;0;18.02.2021;10:06:51;227.400000000;10
GAZP;0;18.02.2021;10:06:51;227.400000000;500
GAZP;0;18.02.2021;10:06:51;227.400000000;200
GAZP;0;18.02.2021;10:06:51;227.400000000;200
GAZP;0;18.02.2021;10:06:51;227.400000000;100
GAZP;0;18.02.2021;10:06:51;227.400000000;570
GAZP;0;18.02.2021;10:06:51;227.400000000;30
GAZP;0;18.02.2021;10:06:52;227.480000000;80
GAZP;0;18.02.2021;10:06:52;227.400000000;270
GAZP;0;18.02.2021;10:06:52;227.360000000;100
GAZP;0;18.02.2021;10:06:52;227.350000000;10
GAZP;0;18.02.2021;10:06:52;227.350000000;20
GAZP;0;18.02.2021;10:06:52;227.350000000;30
GAZP;0;18.02.2021;10:06:52;227.470000000;30
GAZP;0;18.02.2021;10:06:52;227.420000000;40
GAZP;0;18.02.2021;10:06:53;227.420000000;10
GAZP;0;18.02.2021;10:06:53;227.420000000;450
GAZP;0;18.02.2021;10:06:53;227.410000000;50
GAZP;0;18.02.2021;10:06:53;227.410000000;100
GAZP;0;18.02.2021;10:06:54;227.450000000;10
GAZP;0;18.02.2021;10:06:54;227.450000000;30
GAZP;0;18.02.2021;10:06:54;227.420000000;10
GAZP;0;18.02.2021;10:06:54;227.400000000;2000
GAZP;0;18.02.2021;10:06:54;227.350000000;150
GAZP;0;18.02.2021;10:06:54;227.440000000;20
GAZP;0;18.02.2021;10:06:54;227.450000000;670
GAZP;0;18.02.2021;10:06:54;227.470000000;310
GAZP;0;18.02.2021;10:06:54;227.350000000;10
GAZP;0;18.02.2021;10:06:54;227.350000000;10
GAZP;0;18.02.2021;10:06:55;227.460000000;500
GAZP;0;18.02.2021;10:06:55;227.460000000;500
GAZP;0;18.02.2021;10:06:55;227.460000000;500
GAZP;0;18.02.2021;10:06:55;227.470000000;10
GAZP;0;18.02.2021;10:06:55;227.470000000;500
GAZP;0;18.02.2021;10:06:56;227.480000000;300
GAZP;0;18.02.2021;10:06:57;227.460000000;2000
GAZP;0;18.02.2021;10:06:57;227.350000000;1000
GAZP;0;18.02.2021;10:06:57;227.350000000;500
GAZP;0;18.02.2021;10:06:57;227.350000000;500
GAZP;0;18.02.2021;10:06:57;227.350000000;200
GAZP;0;18.02.2021;10:06:57;227.420000000;10
GAZP;0;18.02.2021;10:06:57;227.420000000;900
GAZP;0;18.02.2021;10:06:57;227.420000000;1090
GAZP;0;18.02.2021;10:06:58;227.450000000;100
GAZP;0;18.02.2021;10:06:58;227.450000000;300
GAZP;0;18.02.2021;10:06:58;227.360000000;50
GAZP;0;18.02.2021;10:06:58;227.360000000;90
GAZP;0;18.02.2021;10:06:58;227.360000000;10
GAZP;0;18.02.2021;10:06:59;227.360000000;200
GAZP;0;18.02.2021;10:06:59;227.360000000;460
GAZP;0;18.02.2021;10:06:59;227.350000000;20
GAZP;0;18.02.2021;10:06:59;227.340000000;50
GAZP;0;18.02.2021;10:06:59;227.340000000;1270
GAZP;0;18.02.2021;10:07:00;227.350000000;50
GAZP;0;18.02.2021;10:07:00;227.450000000;20
GAZP;0;18.02.2021;10:07:00;227.400000000;360
GAZP;0;18.02.2021;10:07:00;227.450000000;80
GAZP;0;18.02.2021;10:07:00;227.450000000;500
GAZP;0;18.02.2021;10:07:01;227.480000000;10
GAZP;0;18.02.2021;10:07:01;227.480000000;390
GAZP;0;18.02.2021;10:07:01;227.510000000;1760
GAZP;0;18.02.2021;10:07:01;227.510000000;840
GAZP;0;18.02.2021;10:07:01;227.510000000;3010
GAZP;0;18.02.2021;10:07:01;227.370000000;10
GAZP;0;18.02.2021;10:07:01;227.360000000;460
GAZP;0;18.02.2021;10:07:01;227.360000000;30
GAZP;0;18.02.2021;10:07:02;227.350000000;200
GAZP;0;18.02.2021;10:07:02;227.350000000;260
GAZP;0;18.02.2021;10:07:02;227.340000000;740
GAZP;0;18.02.2021;10:07:03;227.440000000;20
GAZP;0;18.02.2021;10:07:03;227.470000000;50
GAZP;0;18.02.2021;10:07:03;227.480000000;460
GAZP;0;18.02.2021;10:07:03;227.500000000;1500
GAZP;0;18.02.2021;10:07:03;227.510000000;1800
GAZP;0;18.02.2021;10:07:03;227.510000000;1230
GAZP;0;18.02.2021;10:07:03;227.520000000;10
GAZP;0;18.02.2021;10:07:03;227.530000000;10
GAZP;0;18.02.2021;10:07:03;227.530000000;750
GAZP;0;18.02.2021;10:07:03;227.540000000;190
GAZP;0;18.02.2021;10:07:04;227.520000000;50
GAZP;0;18.02.2021;10:07:04;227.380000000;10
GAZP;0;18.02.2021;10:07:05;227.380000000;30
GAZP;0;18.02.2021;10:07:05;227.380000000;100
GAZP;0;18.02.2021;10:07:05;227.380000000;20
GAZP;0;18.02.2021;10:07:06;227.480000000;10
GAZP;0;18.02.2021;10:07:06;227.400000000;60
GAZP;0;18.02.2021;10:07:08;227.450000000;10
GAZP;0;18.02.2021;10:07:08;227.450000000;250
GAZP;0;18.02.2021;10:07:09;227.450000000;50
GAZP;0;18.02.2021;10:07:09;227.450000000;20
GAZP;0;18.02.2021;10:07:10;227.360000000;50
GAZP;0;18.02.2021;10:07:10;227.450000000;10
GAZP;0;18.02.2021;10:07:11;227.380000000;500
GAZP;0;18.02.2021;10:07:12;227.450000000;10
GAZP;0;18.02.2021;10:07:12;227.450000000;20
GAZP;0;18.02.2021;10:07:12;227.450000000;10
GAZP;0;18.02.2021;10:07:12;227.450000000;500
GAZP;0;18.02.2021;10:07:13;227.450000000;1000
GAZP;0;18.02.2021;10:07:14;227.380000000;500
GAZP;0;18.02.2021;10:07:14;227.360000000;950
GAZP;0;18.02.2021;10:07:14;227.350000000;500
GAZP;0;18.02.2021;10:07:14;227.350000000;60
GAZP;0;18.02.2021;10:07:14;227.350000000;1990
GAZP;0;18.02.2021;10:07:15;227.450000000;100
GAZP;0;18.02.2021;10:07:15;227.450000000;1000
GAZP;0;18.02.2021;10:07:15;227.450000000;1000
GAZP;0;18.02.2021;10:07:15;227.450000000;100
GAZP;0;18.02.2021;10:07:16;227.450000000;100
GAZP;0;18.02.2021;10:07:16;227.450000000;1000
GAZP;0;18.02.2021;10:07:16;227.360000000;60
GAZP;0;18.02.2021;10:07:16;227.360000000;10
GAZP;0;18.02.2021;10:07:16;227.360000000;100
GAZP;0;18.02.2021;10:07:17;227.370000000;100
GAZP;0;18.02.2021;10:07:17;227.360000000;330
GAZP;0;18.02.2021;10:07:17;227.360000000;100
GAZP;0;18.02.2021;10:07:17;227.350000000;1470
GAZP;0;18.02.2021;10:07:17;227.350000000;40
GAZP;0;18.02.2021;10:07:18;227.450000000;100
GAZP;0;18.02.2021;10:07:18;227.370000000;10
GAZP;0;18.02.2021;10:07:20;227.450000000;100
GAZP;0;18.02.2021;10:07:21;227.380000000;200
GAZP;0;18.02.2021;10:07:21;227.450000000;100
GAZP;0;18.02.2021;10:07:21;227.450000000;1500
GAZP;0;18.02.2021;10:07:23;227.450000000;10
GAZP;0;18.02.2021;10:07:24;227.380000000;10
GAZP;0;18.02.2021;10:07:24;227.450000000;10
GAZP;0;18.02.2021;10:07:26;227.380000000;290
GAZP;0;18.02.2021;10:07:26;227.380000000;500
GAZP;0;18.02.2021;10:07:26;227.380000000;10
GAZP;0;18.02.2021;10:07:26;227.370000000;1990
GAZP;0;18.02.2021;10:07:26;227.370000000;800
GAZP;0;18.02.2021;10:07:26;227.370000000;100
GAZP;0;18.02.2021;10:07:26;227.370000000;10
GAZP;0;18.02.2021;10:07:26;227.350000000;480
GAZP;0;18.02.2021;10:07:26;227.350000000;800
GAZP;0;18.02.2021;10:07:26;227.350000000;2000
GAZP;0;18.02.2021;10:07:26;227.340000000;500
GAZP;0;18.02.2021;10:07:26;227.340000000;100
GAZP;0;18.02.2021;10:07:26;227.330000000;460
GAZP;0;18.02.2021;10:07:26;227.330000000;2000
GAZP;0;18.02.2021;10:07:26;227.330000000;50
GAZP;0;18.02.2021;10:07:26;227.330000000;10
GAZP;0;18.02.2021;10:07:26;227.320000000;1480
GAZP;0;18.02.2021;10:07:26;227.400000000;10
GAZP;0;18.02.2021;10:07:26;227.320000000;200
GAZP;0;18.02.2021;10:07:27;227.400000000;1000
GAZP;0;18.02.2021;10:07:28;227.440000000;10
GAZP;0;18.02.2021;10:07:29;227.440000000;10
GAZP;0;18.02.2021;10:07:29;227.380000000;10
GAZP;0;18.02.2021;10:07:29;227.340000000;100
GAZP;0;18.02.2021;10:07:29;227.330000000;800
GAZP;0;18.02.2021;10:07:29;227.320000000;90
GAZP;0;18.02.2021;10:07:29;227.320000000;230
GAZP;0;18.02.2021;10:07:29;227.320000000;10
GAZP;0;18.02.2021;10:07:29;227.320000000;1000
GAZP;0;18.02.2021;10:07:29;227.310000000;100
GAZP;0;18.02.2021;10:07:29;227.310000000;20
GAZP;0;18.02.2021;10:07:29;227.300000000;10
GAZP;0;18.02.2021;10:07:29;227.300000000;40
GAZP;0;18.02.2021;10:07:29;227.300000000;10
GAZP;0;18.02.2021;10:07:29;227.300000000;30
GAZP;0;18.02.2021;10:07:29;227.300000000;20
GAZP;0;18.02.2021;10:07:29;227.300000000;100
GAZP;0;18.02.2021;10:07:29;227.290000000;1000
GAZP;0;18.02.2021;10:07:29;227.380000000;20
GAZP;0;18.02.2021;10:07:30;227.380000000;400
GAZP;0;18.02.2021;10:07:30;227.370000000;10
GAZP;0;18.02.2021;10:07:30;227.290000000;2400
GAZP;0;18.02.2021;10:07:30;227.380000000;150
GAZP;0;18.02.2021;10:07:30;227.290000000;10
GAZP;0;18.02.2021;10:07:31;227.290000000;500
GAZP;0;18.02.2021;10:07:32;227.420000000;680
GAZP;0;18.02.2021;10:07:32;227.430000000;320
GAZP;0;18.02.2021;10:07:32;227.300000000;450
GAZP;0;18.02.2021;10:07:32;227.290000000;50
GAZP;0;18.02.2021;10:07:32;227.290000000;6040
GAZP;0;18.02.2021;10:07:32;227.290000000;200
GAZP;0;18.02.2021;10:07:32;227.290000000;800
GAZP;0;18.02.2021;10:07:32;227.280000000;20
GAZP;0;18.02.2021;10:07:32;227.280000000;250
GAZP;0;18.02.2021;10:07:32;227.280000000;10
GAZP;0;18.02.2021;10:07:32;227.280000000;10
GAZP;0;18.02.2021;10:07:32;227.280000000;10
GAZP;0;18.02.2021;10:07:32;227.280000000;10
GAZP;0;18.02.2021;10:07:32;227.280000000;10
GAZP;0;18.02.2021;10:07:32;227.280000000;10
GAZP;0;18.02.2021;10:07:32;227.280000000;10
GAZP;0;18.02.2021;10:07:32;227.280000000;30
GAZP;0;18.02.2021;10:07:32;227.280000000;1300
GAZP;0;18.02.2021;10:07:32;227.270000000;50
GAZP;0;18.02.2021;10:07:32;227.270000000;10
GAZP;0;18.02.2021;10:07:32;227.270000000;40
GAZP;0;18.02.2021;10:07:32;227.270000000;800
GAZP;0;18.02.2021;10:07:32;227.260000000;10
GAZP;0;18.02.2021;10:07:32;227.260000000;10
GAZP;0;18.02.2021;10:07:32;227.260000000;370
GAZP;0;18.02.2021;10:07:35;227.300000000;500
GAZP;0;18.02.2021;10:07:35;227.310000000;1500
GAZP;0;18.02.2021;10:07:35;227.350000000;10
GAZP;0;18.02.2021;10:07:35;227.350000000;20
GAZP;0;18.02.2021;10:07:36;227.250000000;10
GAZP;0;18.02.2021;10:07:36;227.250000000;250
GAZP;0;18.02.2021;10:07:36;227.250000000;50
GAZP;0;18.02.2021;10:07:36;227.250000000;800
GAZP;0;18.02.2021;10:07:36;227.240000000;100
GAZP;0;18.02.2021;10:07:36;227.230000000;10
GAZP;0;18.02.2021;10:07:36;227.230000000;490
GAZP;0;18.02.2021;10:07:36;227.230000000;1290
GAZP;0;18.02.2021;10:07:36;227.230000000;50
GAZP;0;18.02.2021;10:07:36;227.230000000;1500
GAZP;0;18.02.2021;10:07:36;227.230000000;200
GAZP;0;18.02.2021;10:07:36;227.360000000;10
GAZP;0;18.02.2021;10:07:37;227.360000000;10
GAZP;0;18.02.2021;10:07:37;227.230000000;3980
GAZP;0;18.02.2021;10:07:37;227.360000000;410
GAZP;0;18.02.2021;10:07:37;227.370000000;1630
GAZP;0;18.02.2021;10:07:37;227.380000000;1000
GAZP;0;18.02.2021;10:07:37;227.380000000;440
GAZP;0;18.02.2021;10:07:37;227.390000000;800
GAZP;0;18.02.2021;10:07:37;227.400000000;700
GAZP;0;18.02.2021;10:07:37;227.400000000;440
GAZP;0;18.02.2021;10:07:37;227.400000000;10
GAZP;0;18.02.2021;10:07:37;227.410000000;460
GAZP;0;18.02.2021;10:07:37;227.410000000;1150
GAZP;0;18.02.2021;10:07:40;227.360000000;260
GAZP;0;18.02.2021;10:07:40;227.350000000;100
GAZP;0;18.02.2021;10:07:40;227.360000000;240
GAZP;0;18.02.2021;10:07:40;227.400000000;160
GAZP;0;18.02.2021;10:07:41;227.300000000;140
GAZP;0;18.02.2021;10:07:41;227.300000000;3500
GAZP;0;18.02.2021;10:07:41;227.300000000;1360
GAZP;0;18.02.2021;10:07:42;227.400000000;10
GAZP;0;18.02.2021;10:07:42;227.310000000;100
GAZP;0;18.02.2021;10:07:42;227.310000000;200
GAZP;0;18.02.2021;10:07:42;227.300000000;150
GAZP;0;18.02.2021;10:07:43;227.300000000;30
GAZP;0;18.02.2021;10:07:43;227.300000000;200
GAZP;0;18.02.2021;10:07:43;227.300000000;10
GAZP;0;18.02.2021;10:07:43;227.300000000;10
GAZP;0;18.02.2021;10:07:44;227.300000000;80
GAZP;0;18.02.2021;10:07:44;227.400000000;30
GAZP;0;18.02.2021;10:07:45;227.300000000;130
GAZP;0;18.02.2021;10:07:46;227.400000000;10
GAZP;0;18.02.2021;10:07:46;227.350000000;2000
GAZP;0;18.02.2021;10:07:47;227.390000000;600
GAZP;0;18.02.2021;10:07:48;227.390000000;1000
GAZP;0;18.02.2021;10:07:49;227.360000000;30
GAZP;0;18.02.2021;10:07:49;227.360000000;20
GAZP;0;18.02.2021;10:07:49;227.400000000;80
GAZP;0;18.02.2021;10:07:50;227.310000000;10
GAZP;0;18.02.2021;10:07:50;227.380000000;100
GAZP;0;18.02.2021;10:07:50;227.310000000;100
GAZP;0;18.02.2021;10:07:50;227.310000000;40
GAZP;0;18.02.2021;10:07:50;227.300000000;50
GAZP;0;18.02.2021;10:07:50;227.300000000;10
GAZP;0;18.02.2021;10:07:50;227.330000000;2000
GAZP;0;18.02.2021;10:07:50;227.280000000;100
GAZP;0;18.02.2021;10:07:50;227.280000000;300
GAZP;0;18.02.2021;10:07:51;227.290000000;310
GAZP;0;18.02.2021;10:07:51;227.400000000;110
GAZP;0;18.02.2021;10:07:52;227.400000000;10
GAZP;0;18.02.2021;10:07:52;227.330000000;50
GAZP;0;18.02.2021;10:07:52;227.300000000;390
GAZP;0;18.02.2021;10:07:53;227.300000000;20
GAZP;0;18.02.2021;10:07:54;227.390000000;250
GAZP;0;18.02.2021;10:07:56;227.390000000;90
GAZP;0;18.02.2021;10:07:57;227.300000000;10
GAZP;0;18.02.2021;10:07:57;227.380000000;2400
GAZP;0;18.02.2021;10:07:57;227.380000000;600
GAZP;0;18.02.2021;10:07:58;227.300000000;20
GAZP;0;18.02.2021;10:07:59;227.300000000;10
GAZP;0;18.02.2021;10:08:00;227.390000000;10
GAZP;0;18.02.2021;10:08:01;227.390000000;130
GAZP;0;18.02.2021;10:08:01;227.400000000;1590
GAZP;0;18.02.2021;10:08:01;227.400000000;500
GAZP;0;18.02.2021;10:08:01;227.400000000;100
GAZP;0;18.02.2021;10:08:01;227.410000000;10
GAZP;0;18.02.2021;10:08:01;227.410000000;790
GAZP;0;18.02.2021;10:08:01;227.440000000;350
GAZP;0;18.02.2021;10:08:01;227.440000000;1530
GAZP;0;18.02.2021;10:08:02;227.390000000;40
GAZP;0;18.02.2021;10:08:02;227.400000000;600
GAZP;0;18.02.2021;10:08:02;227.440000000;2850
GAZP;0;18.02.2021;10:08:02;227.440000000;4480
GAZP;0;18.02.2021;10:08:02;227.450000000;3000
GAZP;0;18.02.2021;10:08:02;227.450000000;10
GAZP;0;18.02.2021;10:08:02;227.450000000;8010
GAZP;0;18.02.2021;10:08:02;227.450000000;2130
GAZP;0;18.02.2021;10:08:02;227.450000000;910
GAZP;0;18.02.2021;10:08:02;227.460000000;10
GAZP;0;18.02.2021;10:08:03;227.340000000;20
GAZP;0;18.02.2021;10:08:04;227.430000000;10
GAZP;0;18.02.2021;10:08:04;227.430000000;130
GAZP;0;18.02.2021;10:08:05;227.460000000;1000
GAZP;0;18.02.2021;10:08:05;227.460000000;990
GAZP;0;18.02.2021;10:08:05;227.490000000;10
GAZP;0;18.02.2021;10:08:06;227.370000000;500
GAZP;0;18.02.2021;10:08:07;227.490000000;1000
GAZP;0;18.02.2021;10:08:07;227.490000000;13070
GAZP;0;18.02.2021;10:08:07;227.500000000;2000
GAZP;0;18.02.2021;10:08:07;227.500000000;200
GAZP;0;18.02.2021;10:08:07;227.500000000;4600
GAZP;0;18.02.2021;10:08:07;227.530000000;350
GAZP;0;18.02.2021;10:08:07;227.530000000;20
GAZP;0;18.02.2021;10:08:07;227.500000000;1100
GAZP;0;18.02.2021;10:08:07;227.550000000;100
GAZP;0;18.02.2021;10:08:07;227.550000000;100
GAZP;0;18.02.2021;10:08:07;227.550000000;10
GAZP;0;18.02.2021;10:08:07;227.550000000;10
GAZP;0;18.02.2021;10:08:07;227.560000000;1000
GAZP;0;18.02.2021;10:08:08;227.530000000;20
GAZP;0;18.02.2021;10:08:08;227.600000000;10
GAZP;0;18.02.2021;10:08:08;227.600000000;90
GAZP;0;18.02.2021;10:08:08;227.630000000;100
GAZP;0;18.02.2021;10:08:08;227.630000000;300
GAZP;0;18.02.2021;10:08:08;227.660000000;610
GAZP;0;18.02.2021;10:08:08;227.670000000;610
GAZP;0;18.02.2021;10:08:08;227.680000000;570
GAZP;0;18.02.2021;10:08:09;227.680000000;10
GAZP;0;18.02.2021;10:08:10;227.680000000;90
GAZP;0;18.02.2021;10:08:10;227.690000000;1000
GAZP;0;18.02.2021;10:08:10;227.700000000;3910
GAZP;0;18.02.2021;10:08:10;227.700000000;500
GAZP;0;18.02.2021;10:08:10;227.700000000;10
GAZP;0;18.02.2021;10:08:11;227.700000000;1000
GAZP;0;18.02.2021;10:08:11;227.700000000;1500
GAZP;0;18.02.2021;10:08:11;227.690000000;200
GAZP;0;18.02.2021;10:08:11;227.700000000;200
GAZP;0;18.02.2021;10:08:13;227.700000000;100
GAZP;0;18.02.2021;10:08:13;227.700000000;500
GAZP;0;18.02.2021;10:08:14;227.610000000;10
GAZP;0;18.02.2021;10:08:14;227.610000000;800
GAZP;0;18.02.2021;10:08:14;227.600000000;140
GAZP;0;18.02.2021;10:08:14;227.590000000;800
GAZP;0;18.02.2021;10:08:14;227.580000000;210
GAZP;0;18.02.2021;10:08:14;227.700000000;30
GAZP;0;18.02.2021;10:08:14;227.690000000;10
GAZP;0;18.02.2021;10:08:15;227.690000000;100
GAZP;0;18.02.2021;10:08:15;227.580000000;440
GAZP;0;18.02.2021;10:08:15;227.570000000;490
GAZP;0;18.02.2021;10:08:15;227.570000000;70
GAZP;0;18.02.2021;10:08:15;227.570000000;730
GAZP;0;18.02.2021;10:08:15;227.540000000;440
GAZP;0;18.02.2021;10:08:15;227.520000000;460
GAZP;0;18.02.2021;10:08:16;227.670000000;100
GAZP;0;18.02.2021;10:08:16;227.520000000;10
GAZP;0;18.02.2021;10:08:16;227.520000000;2000
GAZP;0;18.02.2021;10:08:18;227.670000000;50
GAZP;0;18.02.2021;10:08:18;227.530000000;40
GAZP;0;18.02.2021;10:08:19;227.670000000;10
GAZP;0;18.02.2021;10:08:20;227.670000000;10
GAZP;0;18.02.2021;10:08:20;227.670000000;320
GAZP;0;18.02.2021;10:08:20;227.680000000;80
GAZP;0;18.02.2021;10:08:20;227.550000000;10
GAZP;0;18.02.2021;10:08:20;227.680000000;410
GAZP;0;18.02.2021;10:08:20;227.680000000;2400
GAZP;0;18.02.2021;10:08:20;227.690000000;100
GAZP;0;18.02.2021;10:08:20;227.700000000;90
GAZP;0;18.02.2021;10:08:21;227.560000000;1150
GAZP;0;18.02.2021;10:08:21;227.560000000;490
GAZP;0;18.02.2021;10:08:21;227.560000000;400
GAZP;0;18.02.2021;10:08:21;227.550000000;480
GAZP;0;18.02.2021;10:08:21;227.550000000;400
GAZP;0;18.02.2021;10:08:21;227.550000000;130
GAZP;0;18.02.2021;10:08:21;227.550000000;50
GAZP;0;18.02.2021;10:08:22;227.610000000;500
GAZP;0;18.02.2021;10:08:23;227.530000000;90
GAZP;0;18.02.2021;10:08:23;227.670000000;10
GAZP;0;18.02.2021;10:08:24;227.530000000;100
GAZP;0;18.02.2021;10:08:24;227.670000000;100
GAZP;0;18.02.2021;10:08:24;227.670000000;380
GAZP;0;18.02.2021;10:08:24;227.670000000;320
GAZP;0;18.02.2021;10:08:24;227.680000000;10
GAZP;0;18.02.2021;10:08:24;227.540000000;150
GAZP;0;18.02.2021;10:08:25;227.690000000;480
GAZP;0;18.02.2021;10:08:26;227.690000000;10
GAZP;0;18.02.2021;10:08:27;227.550000000;10
GAZP;0;18.02.2021;10:08:27;227.560000000;20
GAZP;0;18.02.2021;10:08:27;227.700000000;200
GAZP;0;18.02.2021;10:08:28;227.700000000;320
GAZP;0;18.02.2021;10:08:28;227.700000000;100
GAZP;0;18.02.2021;10:08:28;227.560000000;10
GAZP;0;18.02.2021;10:08:29;227.560000000;10
GAZP;0;18.02.2021;10:08:29;227.560000000;10
GAZP;0;18.02.2021;10:08:29;227.690000000;30
GAZP;0;18.02.2021;10:08:30;227.570000000;10
GAZP;0;18.02.2021;10:08:31;227.690000000;20
GAZP;0;18.02.2021;10:08:31;227.700000000;10
GAZP;0;18.02.2021;10:08:31;227.700000000;10
GAZP;0;18.02.2021;10:08:32;227.580000000;30
GAZP;0;18.02.2021;10:08:32;227.700000000;1000
GAZP;0;18.02.2021;10:08:34;227.690000000;20
GAZP;0;18.02.2021;10:08:34;227.580000000;10
GAZP;0;18.02.2021;10:08:36;227.700000000;100
GAZP;0;18.02.2021;10:08:36;227.700000000;100
GAZP;0;18.02.2021;10:08:36;227.580000000;10
GAZP;0;18.02.2021;10:08:37;227.690000000;10
GAZP;0;18.02.2021;10:08:38;227.700000000;10
GAZP;0;18.02.2021;10:08:39;227.700000000;310
GAZP;0;18.02.2021;10:08:39;227.700000000;50
GAZP;0;18.02.2021;10:08:39;227.700000000;10
GAZP;0;18.02.2021;10:08:39;227.700000000;30
GAZP;0;18.02.2021;10:08:39;227.580000000;480
GAZP;0;18.02.2021;10:08:39;227.580000000;430
GAZP;0;18.02.2021;10:08:39;227.570000000;10
GAZP;0;18.02.2021;10:08:39;227.570000000;50
GAZP;0;18.02.2021;10:08:41;227.700000000;200
GAZP;0;18.02.2021;10:08:41;227.600000000;20
GAZP;0;18.02.2021;10:08:41;227.600000000;180
GAZP;0;18.02.2021;10:08:41;227.700000000;10
GAZP;0;18.02.2021;10:08:42;227.700000000;100
GAZP;0;18.02.2021;10:08:42;227.700000000;200
GAZP;0;18.02.2021;10:08:42;227.700000000;800
GAZP;0;18.02.2021;10:08:42;227.700000000;5160
GAZP;0;18.02.2021;10:08:42;227.700000000;250
GAZP;0;18.02.2021;10:08:42;227.700000000;500
GAZP;0;18.02.2021;10:08:42;227.710000000;100
GAZP;0;18.02.2021;10:08:42;227.710000000;300
GAZP;0;18.02.2021;10:08:42;227.710000000;400
GAZP;0;18.02.2021;10:08:42;227.700000000;600
GAZP;0;18.02.2021;10:08:42;227.740000000;250
GAZP;0;18.02.2021;10:08:42;227.730000000;20
GAZP;0;18.02.2021;10:08:43;227.800000000;10
GAZP;0;18.02.2021;10:08:43;227.820000000;10
GAZP;0;18.02.2021;10:08:44;227.730000000;10
GAZP;0;18.02.2021;10:08:44;227.730000000;200
GAZP;0;18.02.2021;10:08:44;227.820000000;50
GAZP;0;18.02.2021;10:08:45;227.740000000;20
GAZP;0;18.02.2021;10:08:45;227.730000000;20
GAZP;0;18.02.2021;10:08:45;227.820000000;10
GAZP;0;18.02.2021;10:08:50;227.820000000;930
GAZP;0;18.02.2021;10:08:50;227.820000000;1570
GAZP;0;18.02.2021;10:08:51;227.840000000;10
GAZP;0;18.02.2021;10:08:51;227.840000000;230
GAZP;0;18.02.2021;10:08:51;227.800000000;200
GAZP;0;18.02.2021;10:08:52;227.750000000;30
GAZP;0;18.02.2021;10:08:52;227.750000000;50
GAZP;0;18.02.2021;10:08:53;227.750000000;60
GAZP;0;18.02.2021;10:08:53;227.750000000;130
GAZP;0;18.02.2021;10:08:53;227.750000000;1730
GAZP;0;18.02.2021;10:08:53;227.750000000;800
GAZP;0;18.02.2021;10:08:53;227.790000000;100
GAZP;0;18.02.2021;10:08:54;227.790000000;410
GAZP;0;18.02.2021;10:08:54;227.800000000;90
GAZP;0;18.02.2021;10:08:54;227.840000000;10
GAZP;0;18.02.2021;10:08:54;227.840000000;10
GAZP;0;18.02.2021;10:08:55;227.800000000;30
GAZP;0;18.02.2021;10:08:55;227.840000000;1000
GAZP;0;18.02.2021;10:08:55;227.840000000;430
GAZP;0;18.02.2021;10:08:55;227.850000000;10
GAZP;0;18.02.2021;10:08:55;227.850000000;2000
GAZP;0;18.02.2021;10:08:55;227.860000000;10
GAZP;0;18.02.2021;10:08:55;227.860000000;1570
GAZP;0;18.02.2021;10:08:55;227.880000000;1350
GAZP;0;18.02.2021;10:08:55;227.880000000;240
GAZP;0;18.02.2021;10:08:57;227.740000000;20
GAZP;0;18.02.2021;10:08:57;227.740000000;10
GAZP;0;18.02.2021;10:08:57;227.820000000;50
GAZP;0;18.02.2021;10:08:58;227.820000000;10
GAZP;0;18.02.2021;10:08:58;227.720000000;100
GAZP;0;18.02.2021;10:08:58;227.720000000;900
GAZP;0;18.02.2021;10:08:59;227.820000000;200
GAZP;0;18.02.2021;10:08:59;227.820000000;50
GAZP;0;18.02.2021;10:09:00;227.820000000;10
GAZP;0;18.02.2021;10:09:01;227.820000000;200
GAZP;0;18.02.2021;10:09:02;227.710000000;20
